2331 3585
793 183 1520 237 CAPUTIV.
2023 194 2085 252 83

160 276 350 348 parietes
367 272 422 323 ad
442 273 690 322 Meridiem
708 273 1127 326 Benedi&.I.Pont.
1149 274 1420 324 Aelaborata
1438 311 1453 331 ,
1486 273 1671 340 Joannis
1691 272 1952 324 Cardinalis
1987 280 2029 324 S.
2053 278 2162 327 Dio-

160 346 538 402 Max.tumulum
553 345 711 393 habuit
729 382 740 393 .
757 348 867 395 Hoc
884 361 1043 396 autem
1058 351 1134 397 Se·
1184 345 1281 395 nisii
1328 350 1614 394 Francorum
1646 346 1789 413 Regis
1831 347 2048 395 Orator-is
2081 350 2167 397 im.

163 420 410 470 cretarium
429 415 723 484 postmodum
744 417 788 464 in
809 415 1026 467 sacellum
1045 417 1132 467 ces-
1183 415 1319 486 penszi
1339 454 1350 464 .
1386 420 1550 482 Neque
1568 414 1681 465 vero
1698 417 2012 466 omittendum
2041 436 2162 476 reor,

162 493 221 543 fit
247 527 261 548 ,
289 488 414 558 quod
445 487 757 555 appellabatur
783 493 830 539 S.
849 490 1010 538 Mariae
1044 488 1132 539 cle-2
1184 490 1435 555 antiquitus
1461 489 1506 534 in
1525 488 1611 535 hoc
1633 491 1920 544 Secretari0‚
1942 493 2162 538 Summos

166 563 312 614 Febre
330 598 343 620 ‚
367 559 422 608 eo
444 556 565 624 quod
584 556 914 608 Christifideles
938 559 1068 609 enixe
1088 560 1133 610 se
1183 557 1430 610 Pontifices
1450 576 1558 606 cum
1588 558 1646 607 ad
1670 557 1824 608 officia
1841 560 1996 608 divina
2015 562 2060 610 in
2082 565 2166 609 Ba-

110 665 113 669 2
165 634 352 702 Virgini
379 628 900 691 commedantes(cujus
926 633 1026 679 icon
1048 635 1134 681 ele-
1184 629 1310 679 filica
1347 627 1617 678 celebranda
1662 630 1927 679 accederent
1956 667 1972 688 ‚
2019 630 2164 683 vestes

165 702 429 774 gantiffima
449 699 615 749 ibidem
633 735 646 757 ,
664 702 708 748 in
722 700 873 750 abfide
892 705 1052 764 majori
1076 704 1132 753 ad
1186 698 1447 751 Pontificias
1477 699 1698 749 assumere
1712 737 1729 759 ‚
1762 700 1809 752 ὃς
1835 701 1995 751 exinde
2014 704 2060 750 in
2080 708 2165 752 Ba-

167 773 400 827 Occasum
418 776 566 822 locata
584 768 706 830 fuit)
740 773 765 820 ἐι
791 769 905 820 febri
930 774 1135 838 quotidie
1185 770 1356 821 filicam
1373 770 1431 820 ad
1446 774 1588 821 altare
1607 777 1752 835 majus
1768 809 1783 830 ,
1799 773 2072 822 cun&orum
2088 791 2163 824 or-

163 845 475 897 liberabantur
493 879 503 890 .
541 845 707 891 Praeter
738 844 850 892 hanc
882 862 1009 893 aram
1028 848 1134 895 Dei·
1184 843 1345 893 dinum
1365 845 1590 892 comitatu
1607 879 1621 900 ,
1634 844 1886 910 procedere
1905 842 2164 893 consuevis-

163 937 282 987 parae
300 914 489 970 sacram,
502 911 574 961 sex
589 914 675 977 alie
692 916 735 961 in
755 915 839 963 hoc
858 918 1130 976 secretario,
1183 913 1226 963 se
1249 951 1260 963 .
1290 919 1417 965 Ante
1435 915 1566 978 hujus
1583 917 1827 964 Secretarii
1839 921 2029 978 januam
2059 916 2085 962 a
2101 914 2165 964 fa—

163 987 360 1039 totidem
380 987 425 1034 in
443 983 614 1033 sacellis
642 986 894 1035 minoribus
916 989 1102 1037 aderant
1118 1025 1131 1046 ,
1183 988 1251 1034 cie
1273 987 1480 1036 Orientis
1510 1000 1606 1035 erat
1623 985 1904 1036 vestibulum
1920 1005 2032 1035 cum
2053 985 2161 1035 absi-

160 1076 358 1128 quarum
389 1071 480 1105 tres
509 1053 730 1104 Austrum
759 1093 773 1114 ‚
816 1057 1129 1126 totidemque,
1148 1037 1288 1106 Bdula
1304 1094 1319 1115 ,
1342 1057 1388 1108 ὃς
1405 1059 1566 1106 altari.
1585 1058 1688 1109 Ubi
1710 1061 1803 1107 haec
1821 1057 2024 1107 abfidula
2044 1060 2159 1106 olim

161 1136 357 1183 Boream
392 1124 689 1194 respiciebant
716 1163 726 1174 .
777 1130 919 1177 Porro
963 1132 1009 1178 in
1037 1133 1129 1199 pri·
1180 1144 1276 1178 erat
1302 1163 1318 1186 ,
1342 1134 1479 1193 janua
1513 1146 1668 1197 aperta
1700 1127 1788 1178 fuit
1824 1143 1985 1177 contra
2018 1132 2159 1178 Meri-

160 1221 289 1253 mum
309 1198 524 1248 sacellum
551 1198 576 1244 a
604 1198 775 1247 dextris
801 1199 848 1247 in
870 1200 1126 1261 Austrum,
1178 1199 1301 1249 diem
1318 1237 1334 1258 ‚
1358 1219 1455 1268 quae
1472 1201 1557 1249 iter
1578 1237 1593 1259 ,
1625 1215 1761 1267 atque
1780 1198 2043 1248 descensum
2059 1218 2159 1268 pre-

158 1271 277 1342 pone
297 1269 411 1319 illud
429 1274 572 1330 majus
589 1271 836 1326 B.Mariae,
855 1272 1126 1324 transsatum
1179 1271 1313 1321 bebat
1341 1274 1385 1320 in
1422 1271 1668 1322 Ecclesiam
1706 1276 1752 1320 S.
1787 1272 2041 1321 Salvatoris
2071 1272 2160 1321 de„

157 1344 247 1393 fuit
274 1344 413 1391 altare
442 1341 690 1408 S.Joannis
714 1339 918 1407 Baptistae
937 1381 947 1392 .
982 1347 1039 1393 In
1061 1343 1124 1393 se·
1177 1345 1543 1399 Torrione,cum
1560 1344 1870 1400 Coe'neteriQ
1883 1340 2158 1408 sepeliendis

159 1413 313 1464 cundo
330 1409 460 1468 vero,
479 1408 838 1477 antiquiffimum
856 1411 998 1463 stabat
1019 1417 1127 1465 alta-
1176 1414 1390 1464 omnibus
1416 1416 1795 1463 Ultramontanis
1810 1450 1825 1471 ,
1856 1432 2031 1462 necnon
2056 1418 2148 1463 Ita-

158 1504 207 1535 re
225 1490 272 1536 S.
288 1481 532 1533 Sebastiani
547 1519 562 1540 ,
590 1483 613 1528 a
632 1479 966 1549 Christophoro
986 1484 1129 1554 deJa-
1180 1488 1234 1535 lis
1252 1523 1266 1543 ,
1300 1485 1448 1535 immo
1470 1485 1709 1553 quibusvis
1729 1487 1895 1533 exteris
1917 1519 1932 1541 ,
1962 1503 2014 1532 ac
2038 1492 2160 1552 pere·

159 1556 348 1606 cobatiis
370 1557 415 1602 S.
433 1557 491 1600 R.
505 1556 557 1602 E.
580 1551 835 1609 Cardinali,
856 1569 992 1623 atque
1014 1560 1127 1605 olim
1179 1559 1320 1625 grinis
1340 1557 1536 1607 Basilicae
1553 1594 1567 1615 ‚
1583 1555 1768 1606 addiclo
1784 1556 1808 1602 ὲ
1830 1559 1874 1604 S.
1890 1558 2044 1604 Leone
2062 1560 2158 1606 IV.

158 1625 358 1677 Balilicae
374 1621 554 1684 hujusce
572 1624 829 1681 Canonico,
846 1626 1125 1685 restitutum,
1181 1627 1307 1695 quod
1326 1630 1469 1699 vulgo
1510 1647 1627 1678 nunc
1649 1632 1859 1694 Campus
1882 1627 2069 1676 Sanelus
2094 1630 2160 1676 in-

157 1717 209 1748 ac
233 1697 341 1746 dote
373 1697 711 1762 locupletatum
732 1729 743 1741 .
780 1699 835 1743 In
854 1700 990 1746 tertio
1017 1701 1128 1747 vero
1180 1699 1402 1768 digitatur
1422 1737 1436 1757 ,
1474 1697 1773 1765 succeffitque
1802 1700 1888 1746 hoc
1923 1702 2159 1748 Coemete-

156 1788 248 1819 non
272 1767 502 1833 inelegans
522 1764 744 1832 quidem,
775 1762 851 1813 sed
877 1766 966 1816 fine
985 1771 1128 1817 nomi·
1180 1772 1299 1818 rium
1333 1772 1514 1835 reliquis
1549 1772 1750 1836 quinque
1787 1768 2158 1835 antiquioribus5

154 1858 213 1889 ne
233 1836 359 1888 aliud
374 1852 468 1884 erat
482 1873 496 1893 ‚
512 1851 614 1884 ante
630 1833 754 1902 quod
774 1841 980 1887 nonnulli
1004 1856 1340 1920 egre-Cnempe
1366 1844 1652 1890 Coemeterio
1679 1837 1906 1907 &justini
1938 1839 1995 1888 ad
2013 1843 2156 1890 Italo-

154 1913 221 1980 gii
240 1908 375 1965 Viri,
401 1907 544 1974 deque
564 1906 831 1974 Apostolica
855 1909 970 1960 Sede
1005 1914 1124 1979 opti·
1178 1931 1281 1961 rum
1299 1949 1313 1970 ,
1330 1911 1377 1963 ὅ(
1398 1911 1838 1979 Longobardorum,
1856 1914 1902 1959 S.
1923 1914 2085 1960 Mariae
2103 1914 2147 1961 in

153 1982 230 2032 me
257 1979 407 2029 meriti
432 1975 747 2045 quiescebant.
779 1983 826 2027 A
843 1978 1023 2030 sinistris
1050 2001 1125 2031 au-
1178 2020 1425 2033 .........
1458 1984 1516 2032 ad
1542 1986 1809 2052 Anglorum
1827 2017 1841 2038 ‚
1875 1985 1924 2030 S.
1945 1983 2149 2030 Michae-

154 2068 248 2103 tem
288 2054 418 2112 hujus
462 2051 701 2099 Secretarii
743 2049 802 2098 ad
840 2054 1124 2118 Aquilonem

145 2130 280 2188 juxta
303 2122 532 2171 Sacellum
552 2123 694 2182 majus
713 2156 727 2177 ‚
756 2122 895 2172 altera
911 2124 1125 2173 transsata

154 2194 244 2244 suit
267 2195 422 2261 imago
450 2193 659 2259 Deiparae
675 2227 691 2249 ,
723 2194 1125 2262 Satistorumque..

158 2263 488 2332 Apostolorum
506 2263 628 2314 Petri
648 2297 664 2319 ,
683 2258 732 2312 &
748 2265 878 2315 Pauli
899 2284 1006 2315 cum
1027 2281 1125 2315 tota

155 2336 279 2386 muri
308 2331 499 2382 craffitie
529 2367 546 2389 ,
589 2350 684 2398 quae
719 2351 815 2385 erat
852 2338 968 2386 inter
999 2338 1126 2386 colu-

156 2425 283 2458 mnas
299 2405 504 2473 porticus
520 2438 535 2461 ‚
551 2418 601 2452 ut
618 2421 744 2453 num.
767 2416 877 2469 136.
904 2407 1124 2459 indicavi-

156 2496 261 2528 mus
280 2513 291 2524 .

232 2565 341 2609 147.
386 2546 615 2596 Sacellum
633 2547 771 2615 prope
797 2550 901 2607 hoc,
922 2553 1120 2601 alterum

153 2622 195 2668 ei
217 2618 360 2667 fimile
394 2615 661 2683 sequebatur
681 2654 696 2676 ‚
732 2615 807 2669 sed
835 2627 929 2683 ejus
963 2624 1117 2671 altaris

153 2692 316 2740 locum
340 2690 588 2754 occupavit
608 2697 745 2753 janua
762 2727 777 2750 ,
803 2691 922 2742 unde
938 2695 984 2742 in
1001 2691 1118 2742 Rafi-

150 2763 250 2811 licae
271 2761 503 2828 porticum
519 2759 604 2808 iter
626 2776 744 2810 erat.
779 2808 781 2811 .

227 2833 339 2894 148.
379 2834 587 2879 Demum
605 2834 650 2880 in
667 2834 800 2881 tertio
822 2832 986 2885 sacello
1005 2872 1021 2893 θ
1052 2834 1117 2886 su-

149 2916 230 2972 p‘er
262 2904 404 2951 altare
431 2902 579 2951 locata
605 2901 722 2960 fuit,
754 2903 811 2952 ad
839 2920 1017 2972 tempus
1048 2921 1116 2956 ta·

148 2991 253 3024 men
269 3008 285 3030 ,
313 2969 496 3037 insignis
513 3006 528 3028 ,
557 2986 691 3038 atque
712 2973 991 3025 admirandas
1020 2982 1116 3044 pul·

148 3043 416 3095 chritudinis
436 3041 580 3092 statua
607 3048 659 3093 B.
679 3047 841 3094 Mariae
873 3050 1081 3116 Virginis
1098 3087 1114 3108 ,

148 3115 296 3165 filium
324 3113 348 3162 ἐ
367 3131 501 3162 cruce
515 3113 772 3180 depositum
789 3119 1086 3185 amplexantis
1100 3157 1114 3178 ,

148 3185 172 3235 ὲ
192 3186 324 3235 Pario
340 3202 587 3242 marmore,
599 3187 654 3235 ab
670 3188 850 3253 inclyto
871 3191 1113 3256 Sculptore

147 3256 380 3308 Michaelle
394 3259 579 3325 Angelo'
599 3261 829 3307 Bonarota
845 3262 1109 3310 Florentino

1176 2057 1229 2104 lis
1253 2057 1534 2123 Archangeli
1561 2055 1618 2103 ad
1644 2051 1917 2109 Frisonum,
1956 2058 2002 2102 S.
2028 2057 2155 2102 Pere-

1176 2128 1295 2196 grini
1315 2127 1369 2174 ad
1389 2128 1656 2175 Latinorum
1682 2162 1696 2182 ,
1722 2124 1910 2172 demum
1934 2128 1979 2173 S.
1998 2127 2151 2191 Maricg

1176 2197 1233 2247 ad
1255 2203 1489 2247 Saxonum
1517 2195 1800 2264 sepulturam
1822 2231 1832 2241 .
1864 2193 2073 2244 Eccleliae
2097 2215 2148 2244 ac

1178 2271 1464 2320 Coemeterio
1493 2269 1719 2336 praediffis
1749 2302 1763 2323 ,
1810 2266 2019 2332 proxima
2054 2281 2152 2316 erat

1178 2357 1355 2410 magnae
1400 2339 1717 2406 amplitudinis
1764 2337 1927 2384 domus
1956 2373 1970 2394 ,
2013 2354 2150 2401 quam

1177 2411 1334 2461 addito
1353 2412 1515 2481 grandi
1537 2411 1778 2461 coenaculo
1792 2447 1806 2466 ‚
1824 2425 1996 2456 necnon
2015 2413 2149 2468 aulis,

1177 2481 1224 2533 ὃς
1257 2482 1481 2531 cubiculis
1510 2485 1644 2532 multi
1681 2482 1862 2532 Summi
1882 2477 2145 2538 Pontifices,

1176 2553 1224 2604 ὃς
1242 2552 1490 2617 praesertim
1504 2550 2145 2623 Gregor.XIII.ampliorem

1172 2624 1420 2674 effecerunt
1441 2661 1453 2682 ‚
1492 2641 1542 2674 ut
1569 2625 1676 2674 inibi
1707 2622 1925 2672 tredecim
1945 2625 2148 2692 peregri-

1170 2698 1215 2745 ni
1249 2696 1486 2763 quotidie,
1515 2696 1571 2745 ad
1593 2698 1638 2746 id
1661 2693 1874 2743 institutis
1897 2690 2142 2751 ministris,

1170 2767 1227 2816 ad
1248 2766 1450 2816 mensam
1470 2765 1801 2834 susciperentur
1821 2799 1834 2820 ,
1861 2761 2106 2829 omnesque
2127 2801 2142 2823 ,

1168 2838 1244 2887 alii
1263 2841 1407 2905 egenii
1432 2875 1445 2895 ‚
1471 2840 1692 2886 alimento
1712 2834 2009 2884 reficerentur
2042 2871 2053 2882 .
2082 2840 2143 2886 Et

1168 2909 1259 2957 haec
1281 2906 1464 2957 suffeff'ta
1482 2906 1570 2957 fuit
1594 2908 1758 2957 domus
1778 2907 1964 2971 antiquo
1984 2909 2143 2956 Xeno-

1166 2979 1332 3028 dochio
1351 2980 1374 3026 a
1395 2981 1521 3028 Divo
1544 2978 1780 3048 Gregorio
1803 2980 1979 3045 Magno
1995 3010 2008 3033 ,
2023 2975 2141 3026 aliis-

1165 3068 1251 3115 que
1280 3049 1459 3099 duobus
1491 3051 1515 3098 ὲ
1532 3051 1848 3118 StephanoII.
1879 3049 2001 3095 circa
2020 3048 2141 3098 Basi-

1165 3123 1301 3169 licam
1323 3122 1533 3169 excitatis
1553 3158 1564 3169 .

1236 3191 1320 3240 Sed
1334 3198 1429 3254 jam
1448 3194 1630 3258 reliquae
1647 3190 2017 3258 quadriporticus
2039 3207 2136 3256 par·

1162 3277 1228 3313 tes
1265 3281 1346 3313 nos
1379 3278 1547 3312 vocant
1570 3298 1586 3320 ,
1635 3280 1744 3328 quas
1788 3260 1811 3308 ἓι
1847 3261 2136 3326 Symmacho

1620 3335 1658 3382 L
1700 3351 1725 3380 2
1946 3333 2066 3397 Papa
