2331 3585
689 235 1204 290 CAPUT

1306 233 1414 285 IV.
1908 255 1971 299 41

66 327 203 381 clefiis
223 325 254 375 fi
268 323 508 383 desideres,
526 327 630 375 vide
650 328 930 395 Turrigium
947 322 1308 393 pa-AMusaeum
1327 361 1338 371 .
1379 327 1482 373 Nos
1513 324 1637 371 enim
1662 325 1792 390 plura
1808 322 1864 372 de
1886 342 2049 373 nova...

60 401 165 470 ginzi
186 401 296 448 188.
317 395 364 447 ὃ(
394 399 505 457 189.

130 470 364 523 Hastenus
388 482 541 517 autem
558 467 613 517 de
629 471 824 518 externis
849 465 1026 531 vetuste

60 541 260 592 Bafilicae
277 538 479 607 partibus
494 540 648 589 stium
667 538 730 588 est
750 578 760 589 .
790 544 1026 590 Caeterum

60 612 196 681 longe
235 613 416 673 majoris
455 610 769 678 amplitudinis
807 610 868 659 est
904 628 1025 658 nova

61 685 268 741 Basilica,
283 697 417 730 vetus
435 684 664 749 templum
679 681 968 732 circumdans
983 685 1027 728 in

61 753 262 803 formam
282 755 446 803 Crucis
467 790 480 811 ,
505 769 555 802 ut
581 755 628 802 in
665 754 1028 823 Ichnographica

60 826 180 878 Tab.
204 828 325 875 VII.
348 822 426 872 sub
447 826 518 872 lit.
539 828 585 874 S.
620 823 902 883 ostenditur,
941 843 1028 890 qua

60 902 106 948 in
126 895 326 946 ornanda
340 931 356 952 ,
389 895 680 965 postJulium
696 900 766 947 II.
788 898 863 963 qui
882 894 1028 943 veteri

1077 395 1269 446 Basilica
1285 395 1464 443 tradere
1492 400 1596 457 jure
1624 392 1830 463 fugimus
1848 431 1862 452 ,
1901 414 2050 445 cum...»

1076 466 1211 516 unice
1237 466 1294 514 de
1311 464 1496 516 vetustis
1524 465 1737 514 Ecclesiis
1753 482 1889 533 agere
1908 502 1923 523 ,
1949 471 2049 528 jam

1076 538 1133 588 ab
1152 539 1284 586 initio
1302 539 1472 606 operis,
1490 535 1863 604 proposuerimus
1882 574 1892 584 .
1923 539 2051 602 Qua-

1076 626 1295 677 propter,
1328 623 1380 658 ut
1407 609 1464 656 ad
1491 625 1573 665 ea,
1607 626 1703 674 quae
1740 608 1796 656 ad
1835 625 1914 655 nos
1948 611 2052 656 atti-

1079 696 1185 729 nent
1219 716 1235 737 ,
1276 694 1564 729 revertamur
1603 714 1635 754 2,
1655 678 1710 727 ab
1750 677 2053 727 exterioribus

1082 755 1274 818 antiqua:
1309 753 1441 814 hujus
1472 747 1682 800 Eccleiiae
1721 749 1957 816 partibuS,
1995 750 2054 798 ad

1081 825 1277 871 internas
1302 859 1317 880 ,
1357 840 1407 870 ac
1440 821 1691 889 singulares
1726 818 2018 869 transibimus
2038 856 2055 877 ,

1081 893 1130 945 ὃς
1146 894 1201 944 ab
1220 913 1378 942 earum
1399 893 1636 961 digniori,
1657 891 1875 940 videlicet
1895 891 1950 939 ab
1972 893 2057 943 Al-

59 967 270 1031 disjeRa,
299 984 468 1015 novam
499 967 740 1017 Basilicam
763 968 997 1016 inchoavit
1016 984 1066 1024 ,Β
1082 967 1171 1016 tari
1189 967 1379 1029 Maj0ri,
1399 963 1733 1012 inchoabimus.

59 1041 227 1106 reliqui
257 1035 528 1106 posteriores
561 1042 762 1088 Romani
786 1036 1031 1089 Pontifices

58 1108 316 1166 certavere,
335 1127 416 1157 nec
436 1109 584 1159 adhuc
601 1111 806 1178 glorioso
826 1110 1032 1160 certami-

59 1185 104 1231 ni
120 1181 219 1231 finis
237 1178 472 1247 impofitus
492 1204 525 1238 ,·
541 1200 648 1230 cum
665 1184 709 1230 in
728 1183 821 1231 dies
840 1181 1028 1237 decori,

60 1252 110 1305 ἃ
128 1253 366 1322 elegantiae
381 1268 529 1301 novus
545 1252 684 1302 decor
702 1253 902 1302 accedat.
924 1256 1028 1301 Nec

59 1328 105 1374 in
143 1323 348 1372 ornanda
385 1320 534 1372 solum
583 1327 792 1374 certatim
831 1322 1030 1373 elabora-

57 1410 202 1450 runt,
241 1392 316 1443 sed
349 1395 486 1443 etiam
514 1397 560 1443 in
595 1396 831 1464 augenda:
862 1396 1032 1444 adeout

57 1467 491 1517 san-mem.Paulus
508 1471 571 1516 V.
593 1471 767 1517 Graecae
793 1469 958 1517 Crucis
985 1464 1035 1513 fi-

58 1557 226 1607 guram
242 1574 256 1595 ,
280 1555 418 1604 quarn
436 1537 582 1586 eidem
600 1557 728 1588 novae
749 1537 947 1587 Basilicae
965 1555 1035 1586 ce-

60 1610 334 1660 leberrimus
360 1609 656 1658 Archite&us
676 1614 944 1660 Bramantes
959 1609 1035 1657 de—

1296 1106 1722 1160 SECTIO
1801 1108 1844 1153 I.

1082 1254 1151 1302 De
1177 1251 1330 1301 Altam·
1359 1249 1525 1311 Majom'
1552 1248 1597 1295 S.
1622 1247 1741 1296 Petri
1761 1281 1776 1303 ,
1806 1253 1859 1296 ἐφ’
1884 1251 1941 1295 iis
1971 1267 2055 1318 qnae

1186 1339 1303 1371 erant
1328 1326 1372 1369 in
1399 1320 1607 1388 ‘Bastlz‘cae
1643 1318 1799 1385 Abside
1814 1355 1830 1376 ,
1849 1320 1958 1387 five

1460 1390 1660 1442 Tribuna
1677 1425 1689 1437 .

1089 1558 1129 1589 1:
1273 1552 1425 1584 TARAT
1453 1540 1551 1598 jam
1585 1534 1714 1582 mole
1751 1551 1842 1581 non
1876 1535 2028 1581 minus
2049 1568 2063 1590 ,

1297 1608 1434 1674 quam
1452 1609 1581 1655 cultu
1601 1603 1857 1671 spestabilis
1877 1607 2065 1653 Vatica-

59 1681 190 1731 derat
204 1717 219 1739 ,
243 1679 472 1748 produffto
493 1683 708 1730 anteriori
730 1681 916 1729 brachio
929 1716 944 1737 ,
962 1678 1038 1728 seu
1087 1698 1145 1730 iia
1167 1679 1378 1736 Basilica,
1397 1675 1786 1729 Constantinianae
1805 1677 1961 1741 pietati
1979 1711 1994 1733 ,
2012 1694 2064 1724 ac

60 1754 178 1821 pede
194 1755 236 1800 in
251 1751 453 1799 formam
472 1754 639 1802 Crucis
656 1753 825 1799 Latinae
842 1787 855 1807 ‚
890 1750 1441 1819 Anto-Cmagnificentiae
1455 1767 1534 1816 par
1551 1765 1666 1815 opus
1679 1783 1693 1804 ,
1710 1765 1817 1794 cum
1835 1748 1880 1795 in
1897 1747 2064 1795 decora

59 1827 137 1872 nio
168 1824 385 1891 Sangallo
418 1823 688 1871 ArchiteRo
716 1824 999 1870 converterit
1021 1859 1032 1870 .
1093 1821 1320 1872 nobiliora
1336 1822 1436 1886 pius
1455 1817 1609 1869 Caesar
1626 1816 1921 1874 incumbens,
1940 1837 2066 1865 aram

63 1895 155 1945 Sed
182 1892 302 1942 hisce
326 1892 382 1941 de
415 1893 546 1941 rebus
577 1895 777 1960 plurima
805 1890 947 1941 disces
976 1892 1033 1941 ab
1094 1894 1377 1948 maximam,
1400 1891 1459 1939 ad
1478 1885 1679 1939 Basilica?
1705 1903 1875 1954 caput,
1903 1890 2066 1951 majori

62 1968 118 2016 iis
136 2003 150 2024 ,
176 1967 254 2032 qui
274 1964 436 2013 eadem
468 1964 719 2032 operosiori
737 1966 917 2013 calamo
933 1983 1035 2032 pro-

61 2035 271 2104 sequuti.
312 2034 542 2104 Praecipue
577 2035 688 2085 vero
716 2037 741 2083 a
772 2035 877 2083 bon.
897 2054 1036 2084 mem.

55 2111 238 2178 Joanne
262 2106 466 2174 Baptista
486 2106 731 2176 Costaguti
754 2109 940 2157 Seniore
961 2105 1036 2156 fel.

63 2177 246 2229 record·
280 2180 408 2227 Pauli
432 2183 558 2246 Papae
587 2185 650 2230 V.
670 2185 852 2229 Domus
884 2177 1039 2230 Praefe-

65 2252 141 2301 sto
159 2286 176 2309 ,
205 2253 282 2317 qui
301 2268 417 2300 anno
450 2259 597 2300 1620.
621 2249 821 2314 ejusdem
851 2248 1040 2314 Basilice

64 2339 166 2374 tam
193 2323 439 2371 exteriores
461 2358 476 2379 ,
514 2323 649 2389 quam
676 2325 915 2371 interiores
944 2340 1042 2389 par-

66 2411 136 2446 tes
152 2397 284 2444 aeneis
303 2430 319 2452 ,
339 2391 604 2462 magnisque
631 2393 827 2443 Tabulis
848 2394 1042 2443 delinea-

1088 1965 1327 2021 Tribunae,
1341 1965 1538 2029 navique
1558 1956 1822 2007 transversae
1840 1959 2039 2008 mediam
2053 1994 2067 2016 ,

1090 2037 1311 2086 excitavit
1330 2070 1344 2091 ,
1372 2050 1424 2083 ut
1446 2031 1680 2081 indicatur
1700 2031 1743 2078 in
1765 2032 2066 2080 Tabul.VlI.

1092 2107 1478 2176 Ichnographica,
1491 2100 1573 2150 sub
1590 2120 1717 2150 num.
1730 2119 1744 2148 1
1760 2139 1769 2149 .
1785 2105 1924 2152 Hanc
1943 2121 2068 2150 aram

1093 2185 1141 2230 S.
1159 2177 1397 2244 Sylvester
1413 2189 1753 2229 marmoream,
1773 2171 2069 2239 stabilemque

1091 2249 1305 2300 aedificari
1336 2246 1471 2298 suasit
1490 2282 1505 2304 ,
1543 2262 1650 2295 cum
1684 2258 1815 2292 antea
1845 2243 1868 2291 ἐ
1905 2246 2070 2313 ligno,

1093 2318 1431 2386 mobilibusque
1466 2321 1512 2366 in
1546 2314 1788 2368 Altaribus
1823 2316 2073 2364 celebrare-

1093 2408 1170 2443 tur
1186 2429 1201 2450 ,
1231 2406 1284 2440 ut
1300 2393 1387 2441 huc
1410 2392 1521 2440 illuc
1541 2427 1555 2449 ‚
1577 2386 1846 2457 urgentibus
1867 2385 2072 2454 persecu·

64 2471 135 2525 ri,
170 2484 221 2514 ac
242 2466 360 2514 notis
378 2462 624 2519 illustrari,
656 2465 1042 2532 publiciquejuris
1096 2466 1279 2513 tionum
1319 2463 1566 2532 procelliS,
1606 2459 1947 2526 asportarentur
1969 2495 1984 2515 ,
2019 2459 2072 2505 il-

65 2537 204 2594 fecst,
237 2534 286 2586 ὃς
315 2554 421 2586 cum
443 2535 502 2584 ob
529 2537 712 2585 illarum
736 2540 1009 2585 raritatem-2
1027 2520 1280 2601 ,Diamque
1300 2569 1314 2591 ,
1345 2530 1611 2583 Chrismate
1637 2528 1765 2578 sacro
1783 2528 2036 2578 delibutam
2054 2564 2068 2585 ‚

67 2624 202 2676 atque
231 2608 551 2656 excellentiam
577 2623 747 2676 magno
772 2607 1044 2656 haberentur

66 2683 114 2729 in
135 2680 282 2747 pretio
302 2714 317 2736 ,
345 2680 445 2726 illas
475 2677 626 2727 denuo
661 2680 868 2746 imprimi
893 2680 1043 2727 voluit

68 2746 307 2801 Illustriss.
335 2748 382 2798 ὃ(
413 2748 733 2798 Reverendiss.
771 2750 1043 2817 D0Joannes

69 2819 269 2889 Baptista
310 2818 550 2889 Costaguti
582 2823 754 2888 junior
783 2857 797 2878 ,
836 2822 1042 2888 Collegii

72 2889 495 2943 Illustriffimorum
510 2926 524 2947 ,
554 2890 602 2941 ὅ(
623 2888 1044 2941 Reverendiffimo-

70 2983 176 3014 rum
208 2966 319 3011 DD.
343 2963 639 3011 Clericorum
669 2966 878 3014 Camerae
917 2965 1043 3027 Apo-

71 3033 237 3083 stolicae
267 3037 478 3082 Decanus
507 3069 521 3089 ,
560 3034 726 3100 quique
764 3033 819 3082 ad
853 3030 1040 3100 praesens

73 3103 241 3155 merito
258 3103 465 3170 Purpurfi
489 3104 728 3153 decoratus
744 3140 759 3162 ,
773 3104 1040 3153 Eminentiae

74 3178 214 3226 titulo
249 3176 456 3242 gaudet,
494 3178 658 3241 cuique
690 3193 769 3224 nos
804 3173 1040 3223 devinetos

76 3246 159 3296 effe
189 3243 387 3294 fatemur
408 3281 422 3302 ,
461 3265 566 3295 curn
596 3264 686 3294 uno
717 3265 769 3294 ex
786 3247 874 3295 illis
895 3263 1042 3294 exem-

76 3315 274 3386 plaribus
306 3314 509 3366 nostrum
543 3318 797 3366 literarium
827 3317 1044 3367 ditaverit

1096 2604 1382 2656 consecravit
1396 2640 1410 2661 ,
1424 2601 1639 2668 juffitque
1656 2602 1700 2647 in
1716 2599 1964 2668 posterum,
1986 2601 2069 2663 hec

1095 2676 1253 2747 ipsa‚in
1274 2677 1512 2726 Altarium
1527 2670 1826 2730 stru&ura,&
1840 2669 2071 2720 consecra-

1096 2752 1220 2799 tione
1248 2784 1263 2804 ,
1301 2745 1473 2795 servari
1495 2782 1506 2792 .
1548 2742 1861 2809 Qadruplici
1898 2742 2069 2810 angulo

1094 2819 1221 2869 istius
1238 2837 1354 2875 arae,
1384 2831 1583 2884 quatuor
1614 2815 1788 2861 eximia:
1817 2811 1975 2878 speciei
1995 2829 2068 2859 co-

1094 2888 1313 2939 lumnas&
1340 2887 1615 2955 porphyrite
1634 2920 1649 2941 ,
1682 2881 1894 2950 apposuit
1916 2919 1930 2939 ,
1969 2902 2067 2948 quae

1094 2958 1427 3009 nobiliffimum
1443 2971 1713 3026 argenteum
1734 2969 1917 3022 tegmen
1936 2989 1949 3008 ,
1971 2953 2067 3001 {ive

1094 3028 1355 3099 suggestum
1373 3029 1644 3078 deauratum
1663 3022 1878 3074 fulcirent
1896 3060 1910 3081 ,
1931 3025 1955 3070 a
1973 3041 2067 3091 quo

1093 3104 1452 3167 circumquaque
1491 3094 1750 3149 Cherubim
1786 3094 1923 3144 turba
1957 3113 2061 3162 pen-

1094 3173 1231 3222 debat
1248 3209 1258 3219 .

1165 3247 1222 3292 In
1251 3243 1382 3305 hujus
1417 3241 1549 3290 altari
1582 3241 1763 3288 interno
1791 3236 1888 3287 sinu
1912 3273 1925 3293 ,
1958 3240 2066 3285 San-

1094 3313 1345 3366 &iffimum
1370 3330 1534 3380 corpus
1556 3315 1608 3361 B.
1629 3307 2066 3424 Petri‚recoi}ditum

1573 3385 1609 3429 F
1915 3378 1998 3433 uit,
