2331 3585
563 304 684 354 DE
756 298 1156 354 SACRIS

256 328 276 358 1
292 325 346 358 12

182 396 477 462 quinquaginta
575 407 807 457 portantem

179 481 292 512 tres.
331 463 380 512 In
418 463 548 511 eodem
580 463 665 510 loco
704 462 886 530 pffffio
914 463 1149 528 cujusdam&

183 534 416 597 Cyriacetis
442 533 638 599 religiose
654 532 838 600 fhminae
863 570 877 590 ,
915 551 1035 600 quam
1075 533 1145 581 Fi-

166 606 264 671 scus
301 620 576 670 occupaverat
611 620 789 670 tempore
833 605 1143 671 perstcutionis,

193 676 404 724 Venerium
440 675 620 743 fundum
670 677 832 742 praestat
860 676 1021 742 salidus
1059 694 1144 720 cen—

177 764 263 795 tum
304 748 593 814 quadraginta.
627 747 812 814 Pffffio
848 748 973 814 Aqua
1008 746 1144 794 Turia

178 818 236 865 ad
272 821 383 866 latus
422 821 611 886 praestans
637 818 793 885 fhlidos
830 834 985 865 centum
1032 820 1145 883 quin-

176 893 374 957 quaginta
401 905 503 946 tres,
524 889 706 956 Pff’ffiO
730 890 903 955 Augusti
928 891 1143 934 territorio

1223 296 1839 350 AEDIFICIIS

921 386 1183 439 medemnasA
1201 405 1250 435 ea
1268 386 1456 436 Bafilica
1473 424 1485 443 ‚
1503 392 1548 437 S.
1568 391 1801 437 Laurentii
1822 388 2091 455 appellatur.
2109 391 2177 438 Ex

1200 458 1457 518 hujusmodi
1486 461 1634 507 relatis
1654 462 1785 527 argui
1805 457 1924 527 poffe
1947 474 2139 509 autumo
2157 494 2173 515 ,

1198 547 1286 576 non
1316 530 1584 579 Silvestrum
1601 566 1616 586 ,
1651 529 1724 578 sed
1742 532 2034 580 Gallicanum
2059 528 2174 579 Bafi·

1196 600 1295 648 licae
1345 603 1474 663 hujus
1522 600 1866 649 aedificationem
1916 600 2173 651 Constanti-

1198 688 1254 717 no
1287 671 1540 738 persualiffe
1569 691 1583 729 3
1604 672 1636 720 fi
1656 688 1802 720 tamen
1820 674 1997 740 integra
2015 670 2172 740 praefa-

1197 744 1252 788 tis
1273 744 1382 790 actis
1400 747 1670 804 Martyrum
1693 742 1800 790 fides
1822 743 2062 809 praestanda
2080 741 2134 791 fit
2153 779 2169 800 ,

1197 812 1303 860 cum
1345 816 1565 861 Batonius
1620 814 1676 862 ad
1697 832 1865 861 annum
1906 830 2020 873 330.
2045 832 2168 861 num.

1198 900 1222 944 5
1237 902 1277 930 1.
1309 883 1365 931 de
1387 883 1543 932 iisdem
1563 883 1620 933 fic
1653 882 1815 932 scribat
1833 883 2017 932 :Scimus
2034 901 2170 931 tamen

176 959 391 1025 §abinensi
444 962 632 1027 praestans
676 965 832 1008 nomine
895 958 1142 1025 Christiano·
1193 955 1261 1000 his
1306 955 1355 1002 de
1395 956 1614 1004 Gallicano
1651 956 1871 1019 adverflzri
1898 957 2165 1011 nonnullim,

176 1049 263 1078 rum
290 1032 449 1095 solidos
481 1050 589 1079 120.
618 1029 804 1096 Pqffi‘ffio
850 1029 1141 1097 Susuratarum
1196 1027 1273 1090 qui>
1312 1028 1448 1072 minus
1479 1026 1534 1072 ad
1548 1026 1747 1091 perfechs
1768 1061 1782 1081 ,
1812 1032 1864 1073 εἶθ’
1893 1027 2069 1093 undique
2101 1026 2173 1072 ab-

168 1103 360 1166 praestans
391 1101 549 1166 fhlidos
569 1102 797 1167 fi’xaginta
816 1101 913 1167 fix.
953 1094 1347 1167 Poſjeffiosssblutos
1380 1102 1588 1145 veritatis
1625 1115 1812 1144 numeros
1851 1097 2047 1161 ejufinodi
2083 1099 2171 1146 iit-2

173 1170 361 1219 Micinia
408 1172 581 1239 Augusti
615 1186 700 1236 prae
734 1188 804 1217 ans
845 1171 1007 1238 fhlidos
1055 1189 1143 1217 cen-
1192 1167 1374 1213 omnibus
1423 1168 1542 1214 rebus
1582 1168 1720 1214 reduci
1743 1166 1864 1230 poffit
1901 1168 2130 1233 Historia,
2155 1203 2166 1214 .

172 1259 257 1290 tum
301 1245 615 1309 quinquaginta,
652 1240 834 1309 pffffio
884 1242 1143 1292 Thermulas
1191 1239 1324 1289 utut
1345 1237 1412 1294 sit,
1432 1237 1584 1287 abisto
1609 1242 1892 1305 Imperatore
1915 1237 2169 1286 constructa

167 1314 361 1378 prestans
382 1314 540 1378 sblia'os
555 1313 799 1382 fixaginta.
828 1312 1015 1380 Pcffiffio
1038 1315 1144 1360 Ara·
1194 1305 1281 1356 fuit
1300 1345 1315 1365 ,
1348 1308 1496 1374 postea
1526 1314 1635 1357 vero
1666 1310 1691 1356 a
1727 1306 1910 1356 diverfis
1944 1310 2165 1357 Romanis

171 1404 243 1430 nas
266 1384 456 1449 praestans
469 1384 630 1450 fhlidos
651 1386 934 1451 septuaginta.
957 1382 1144 1450 Pcffffi'o
1198 1379 1492 1428 Pontificibus
1521 1395 1680 1428 ornata
1707 1414 1723 1436 ‚
1769 1376 2165 1445 restaurataquffl.

170 1452 386 1519 Septimiti
427 1456 620 1522 praestans
659 1455 821 1522 solidos
867 1470 1021 1503 centum
1068 1458 1145 1502 tri·
1195 1452 1319 1497 Nam
1346 1449 1524 1515 Xystus
1543 1454 1564 1498 Ι
1574 1454 1643 1498 11.
1666 1465 1714 1498 ut
1731 1449 1917 1498 habetur
1945 1450 1990 1497 in
2009 1448 2170 1498 eodem

165 1529 300 1591 ginta.
1200 1520 1319 1568 libro
1350 1520 1632 1571 Pontificali:
1672 1521 1790 1568 Fecit
1811 1520 1972 1586 Xystus
2005 1519 2171 1586 Episco-

240 1594 468 1644 Suadente
499 1597 640 1663 igitur
673 1599 720 1644 S.
751 1594 967 1646 Silvestro
998 1593 1148 1645 Basili·
1191 1604 1272 1655 pus
1302 1591 1590 1658 Confi’ffionem
1620 1589 1763 1638 ‘Beati
1791 1591 2014 1639 Laurentii
2041 1589 2170 1641 Mar-

170 1684 272 1713 cam
321 1667 435 1713 hanc
482 1664 838 1716 Constantinum
886 1665 1144 1716 aedificziffea
1196 1666 1326 1725 tyris,
1355 1682 1441 1710 cum
1483 1665 1678 1710 columnis
1723 1663 2030 1727 porphyreticis
2060 1697 2075 1718 ,
2112 1667 2166 1710 ἐφ’

168 1738 412 1785 Panvinius
430 1772 445 1793 ‚
477 1735 525 1785 ὅ(
544 1739 618 1786 alii
653 1736 935 1785 existimant.
971 1743 1025 1785 In
1062 1738 1141 1786 du·
1197 1737 1372 1781 ornavit
1411 1735 1693 1799 Transbnnam
1723 1733 1837 1794 (alii
1862 1733 2001 1799 legunt
2021 1731 2172 1799 fitgge-

168 1806 294 1856 bium
314 1821 464 1854 tamen
497 1807 584 1854 hoc
613 1810 818 1855 revocari
842 1806 985 1874 potest
1005 1827 1058 1855 ex
1081 1811 1142 1857 al-
1183 1803 1369 1867 flauo&
1410 1801 1911 1870 altare,&Confeffionem
1961 1801 2007 1849 S.
2041 1801 2170 1851 Mar-

167 1880 268 1925 latis
313 1878 338 1924 a
383 1879 562 1926 Bonino
610 1877 888 1926 Mombritio
926 1878 982 1926 de
1024 1873 1307 1935 VitisCtyris
1346 1873 1566 1922 Laurentii
1610 1875 1660 1923 de
1711 1889 1878 1941 argento
1921 1872 2166 1938 puriffi'mo.

167 1947 515 2006 San&0rum3is
537 1949 722 1996 enimin
739 1949 943 1998 Paffione
965 1953 1146 1999 S.Ga1-
1199 1946 1316 1994 Fecit
1380 1945 1515 1992 altare
1561 1946 1727 2011 penstin.
1791 1944 1924 1992 libras
1972 1948 2168 2011 quinqua-

166 2020 301 2066 licani
334 2033 516 2075 narrat,
555 2016 759 2067 sanctum
794 2021 912 2068 hunc
946 2023 1143 2069 Romani

167 2091 388 2136 exercitus
416 2093 597 2138 Ducem
616 2088 671 2136 de
702 2088 845 2139 Persis
875 2091 1143 2158 triumphas-

164 2157 206 2206 se
223 2195 237 2215 ,
267 2160 466 2226 cumque
490 2164 689 2208 Romam
712 2159 905 2209 rediisset
923 2197 937 2217 ,
968 2162 1026 2209 ob
1044 2180 1142 2228 par-

164 2243 257 2277 tam
304 2229 551 2278 victoriam
592 2230 616 2277 a
657 2230 958 2281 Constantino
997 2232 1139 2282 filiam

164 2305 256 2358 ejus
279 2300 600 2350 Constantiam
634 2304 678 2348 in
699 2319 887 2350 uxorem
927 2301 1138 2366 postulas-

167 2371 205 2418 l'e
223 2407 236 2428 ,
268 2389 365 2435 quae
388 2376 485 2434 jam
505 2368 687 2419 conscio
713 2386 840 2438 patre
858 2409 873 2429 ,
905 2377 1003 2421 Deo
1022 2410 1037 2430 ,
1058 2373 1142 2422 ser-

165 2440 321 2488 vandae
363 2442 656 2510 Virginitatis
693 2439 905 2491 emiserat
946 2462 1138 2494 votum.

1192 2020 1329 2083 ginta,
1369 2017 1579 2064 Cancellos
1623 2031 1834 2082 argenteos
1857 2017 1988 2081 supra
2026 2013 2170 2062 Plato-

1195 2091 1284 2134 nias
1306 2089 1624 2152 porphyreticas
1648 2086 1810 2151 penfizn.
1842 2086 1975 2133 libras
2015 2101 2168 2133 trecen-

1194 2174 1273 2205 tas.
1307 2156 1505 2223 Abfidam
1526 2157 1652 2222 super
1685 2156 1898 2204 Cancellos
1918 2175 2005 2204 cum
2021 2157 2162 2222 statua

1192 2227 1261 2274 33.
1285 2227 1505 2276 Laurentii
1527 2226 1747 2289 Martyris
1776 2242 1967 2293 argentea
1996 2227 2164 2293 penfitn.

1191 2299 1322 2346 libras
1340 2299 1564 2346 ducentas.
1602 2297 1720 2344 Fecit
1752 2313 1885 2345 autem
1924 2294 2165 2364 ‘Basilicam

1193 2367 1261 2416 Ἑ.
1297 2368 1541 2425 Laurentio,
1593 2368 1702 2434 quod
1732 2374 1785 2416 c&
1845 2367 2163 2416 Valentinianus

1193 2441 1398 2506 Augustus
1442 2438 1656 2504 conccffit,
1687 2437 1758 2485 ubi
1782 2444 1835 2486 &5
1875 2438 2033 2486 obtulit
2060 2438 2165 2486 dona

166 2516 501 2560 Verumtamen
531 2511 858 2562 Constantinus
891 2529 1019 2562 tanto
1042 2519 1134 2564 Du.
1189 2512 1303 2560 haec:
1340 2511 1515 2559 Patenas
1551 2514 1889 2576 argenteas,&c.
1922 2508 2050 2558 Cum
2083 2526 2163 2557 au-

164 2584 203 2629 ci
235 2600 334 2630 eam
364 2582 586 2650 denegare
615 2582 777 2632 dubius
799 2620 813 2641 ,
846 2585 952 2633 ideo
988 2587 1138 2635 invito
1188 2596 1279 2630 tem
1312 2579 1387 2628 iste
1416 2578 1691 2631 Pontificalis
1711 2578 1813 2628 libri
1848 2580 2006 2635 locus,
2040 2597 2164 2627 nem-

162 2653 314 2700 animo
344 2651 560 2699 concessit
581 2689 590 2699 .
627 2658 751 2701 Deus
781 2669 930 2702 autem
955 2653 1033 2702 fibi
1066 2656 1142 2704 de—
1195 2670 1248 2719 pe
1269 2671 1279 2698 :
1300 2652 1420 2700 Fecit
1435 2668 1568 2702 autem
1593 2648 1832 2717 ‘Bcfilicam
1881 2646 1948 2695 “B.
1977 2649 2161 2697 Lauren-

163 2720 414 2788 l'ponsatam
453 2725 697 2789 Virginem
744 2726 855 2790 eripi
900 2724 1021 2772 haud
1069 2728 1251 2796 pa-Dcio
1271 2758 1286 2778 ,
1334 2721 1444 2789 quod
1469 2728 1522 2769 &⁷
1583 2720 1897 2769 Valentinianus
1951 2721 2160 2786 Augustus

156 2796 273 2840 'tiens
289 2828 303 2849 ,
320 2793 540 2860 expetitas
561 2795 586 2839 a
603 2795 846 2841 Gallicano
864 2797 1042 2861 nuptias
1058 2831 1073 2852 ,
1090 2800 1133 2845 in

163 2861 417 2911 coelestium
448 2882 601 2911 rerum
622 2862 892 2912 desiderium
925 2882 1132 2916 commu-

164 2935 304 2990 tavit,
335 2934 446 2981 adeo
467 2950 514 2981 ut
533 2932 624 3000 ipse
645 2937 912 2983 Gallicanus
949 2938 1132 3004 Marty-

161 3004 281 3049 rium
302 3021 384 3068 pro
407 3004 578 3052 Christi
599 3004 685 3053 fide
704 3040 718 3060 ,
755 3008 1020 3065 renunciato
1041 3010 1135 3057 tha-

162 3073 301 3120 lamo:
319 3072 670 3122 constantiffime*
691 3077 873 3132 tulerit,
891 3092 1133 3143 antequam

161 3157 313 3190 autem
333 3145 554 3207 Mai-tyrii
572 3148 770 3212 palmam
787 3144 893 3194 esset
915 3148 1103 3214 adeptus
1119 3187 1132 3207 ‚

163 3216 210 3261 S.
231 3214 497 3260 Laurentius
520 3231 597 3278 per
616 3213 760 3263 visum
791 3216 1002 3265 eumdem
1024 3223 1133 3268 Gal-

162 3284 334 3330 licanus
364 3283 567 3330 hortatus
594 3282 712 3340 fuit,
748 3300 799 3334 ut
827 3284 906 3334 fibi
937 3290 1132 3357 erigeret

161 3350 408 3401 Ecclesiam
433 3368 556 3401 extra
577 3370 754 3420 portam
775 3391 791 3413 ‚
817 3373 911 3421 quae
936 3376 1056 3407 nunc
1076 3360 1130 3408 ab

1186 2792 1369 2857 conceſjit
1387 2813 1400 2850 3
1415 2790 1654 2840 obscurior
1672 2789 1725 2838 fit
1741 2824 1756 2846 ,
1788 2808 1836 2837 ea
1855 2808 1943 2837 vox
1977 2787 2160 2854 cannffit

1185 2861 1501 2932 perpendenda
1538 2859 1599 2909 est
1633 2896 1649 2918 ,
1697 2875 1829 2926 atque
1867 2858 1926 2907 fic
1964 2861 2160 2928 intelligi

1185 2934 1303 3001 posse
1317 2932 1471 2994 judieo
1487 2968 1498 2978 .

1256 3002 1582 3053 Constantinus
1600 3006 1858 3068 Imperator
1883 3017 1988 3046 cum
2007 3016 2163 3063 quam-

1184 3077 1335 3143 plures
1381 3071 1634 3121 aedificaffet
1672 3069 1888 3120 Ecclefias
1917 3105 1930 3125 ,
1980 3068 2158 3117 easdem

1184 3152 1275 3207 ejus
1296 3142 1561 3191 successores
1576 3179 1591 3200 ,
1622 3155 1779 3208 utpote
1804 3139 1857 3188 ab
1876 3143 2158 3206 Imperatore

1184 3214 1393 3263 fundatas
1410 3249 1425 3270 ‚
1452 3215 1594 3262 veluti
1610 3213 1812 3278 proprias
1831 3208 2127 3258 vendicarunt
2142 3245 2157 3267 ‚

1183 3283 1296 3334 adeo
1329 3298 1380 3331 ut
1405 3284 1556 3331 nullus
1586 3281 1747 3348 absque
1774 3295 1955 3348 accepta
1982 3278 2040 3327 ab
2070 3282 2160 3328 Im-

1183 3368 1390 3424 peratore
1415 3351 1631 3400 facultate
1650 3387 1666 3409 ,
1699 3353 1745 3398 in
1773 3353 1861 3400 illis
1892 3348 2065 3414 aliquid
2095 3352 2159 3398 in-

1922 3436 2093 3468 novare
