2331 3585
287 184 378 228 114
524 165 646 214 DE
726 165 1127 217 SACRIS
1196 165 1813 222 AEnlfzczzs

204 252 382 321 gustam
403 288 416 309 ,
456 252 531 301 ubi
561 251 647 300 fic:
686 253 836 315 51me
870 262 1061 318 memore}2
1090 258 1216 309 [λ’-Α
1231 276 1286 306 co
1310 258 1438 306 verbi
1460 260 1533 306 lex
1560 257 1621 307 est
1639 261 1717 307 lust
1734 296 1748 316 ,
1784 258 1830 310 ὃς
1864 260 2053 313 verbum
2070 283 2195 311 vene*

205 324 327 390 cffr
357 342 464 371 meus
497 323 583 383 (id
601 323 662 373 est
683 328 927 396 Pelagius)
958 330 1015 378 ad
1036 346 1178 395 corpus
1229 330 1358 377 randa
1392 331 1548 398 incipit
1579 333 1709 378 litera
1747 335 1796 383 B.
1824 349 1922 397 quae
1950 333 2071 400 apud
2106 339 2194 382 Ve-

203 393 248 441 S.
280 394 505 442 Laurentii
553 394 776 460 Martyirs
813 400 992 465 quaedam
1037 403 1176 450 melio·
1229 415 1346 449 teres
1364 401 1606 465 aliquando
1624 404 1664 448 in
1685 400 1764 449 usu
1786 400 1899 458 fuit,
1918 418 1965 451 ut
1980 421 2035 452 ex
2056 408 2191 454 variis

201 483 296 513 rare
324 465 554 532 defidercms
575 503 587 522 ‚
607 483 683 514 ete.
707 470 838 517 Dixit
857 506 870 526 ‚
903 472 1081 537 quaed-‘zm
1097 492 1176 521 me·
1227 470 1597 539 inscriptionibus
1624 473 1745 538 apud
1777 477 2035 522 Gruterum
2067 478 2191 523 colli-

200 537 355 583 liorare
381 572 394 592 ‚
426 554 515 584 non
550 537 663 586 vero
680 539 728 587 de
755 558 869 589 novo
895 543 1172 607 construere„
1222 544 1350 610 gitur
1368 578 1383 599 ,
1412 541 1781 609 demonstratque
1808 543 2067 610 Dausquius
2107 547 2190 594 in.‚

201 626 253 655 ac
272 607 464 674 proinde
499 606 552 655 de
575 606 767 677 simplici
799 612 978 662 tanturn
1005 631 1170 665 ornatu

200 677 467 726 intellexiste
499 679 681 728 videtur
701 718 712 728 .
743 682 985 749 Qidquid
1013 701 1169 735 autern

198 748 253 800 de
273 751 514 818 Pelagiana
531 748 668 800 fuerit
683 752 1005 804 restauratione
1019 792 1034 812 ,
1054 758 1166 806 nihil

197 819 323 868 aliud
347 822 388 867 in
406 818 639 887 praesentia
661 826 886 890 reliquum
906 825 1167 894 est,praeter

197 889 373 940 Muslvi
405 893 554 958 operis
592 910 768 961 partem
808 898 851 943 in
881 897 1007 946 dieto
1039 902 1167 948 Arcu

1223 613 1301 662 sua
1333 613 1683 682 Orthographia
1709 612 1813 662 sest.
1831 633 1878 676 4.
1898 618 2084 678 Disjeffi
2109 637 2190 666 au-

1221 699 1314 733 tem
1333 720 1348 741 ,
1364 683 1412 735 ὃ(
1433 683 1558 732 recisi
1585 701 1684 749 pars
1703 700 1868 750 quanta
1891 684 1945 734 fit
1977 706 2030 736 ex
2052 687 2152 755 ipsis
2169 724 2186 744 ,

1219 773 1314 821 quae
1330 754 1492 804 desunt
1512 755 1719 811 vocibus,
1733 755 2085 822 deprehenditur
2101 795 2115 815 ,
2135 778 2187 807 ac

1221 840 1271 873 ut
1288 824 1465 875 facilins
1486 827 1532 874 id
1545 828 1676 892 argui
1695 828 1848 875 valeat
1865 829 2069 884 ,11teras,
2088 848 2187 896 quae

1220 895 1382 945 desunt
1420 895 1682 946 minusculis
1712 932 1727 953 ,
1761 916 1856 963 quae
1891 902 1999 946 vero
2039 897 2188 966 super-

194 963 498 1029 triumphali,
530 968 606 1029 qui
634 964 666 1013 fi
692 984 779 1013 non
800 981 931 1016 tantae
954 971 1201 1040 amplitu-B
1220 965 1322 1018 sunt
1347 966 1604 1030 majusculis
1635 968 1930 1034 expreffimus
1947 1006 1961 1026 ,
1990 968 2182 1019 scilicet:

193 1032 310 1080 dinis
327 1068 340 1089 ,
357 1038 450 1094 ejus
467 1031 628 1082 saltem
647 1033 805 1084 formae
824 1053 945 1096 erat,
966 1059 1016 1087 ac
1035 1058 1169 1090 arcus
1219 1053 1501 1088 MARTYRIVM
1513 1055 1710 1087 FLAMMIS
1722 1043 1857 1088 ΘΗΜ
1871 1043 2179 1090 LEVVITA

192 1107 338 1162 major
357 1104 411 1151 ab
440 1103 598 1153 eadem
627 1109 765 1156 Galla
791 1109 990 1158 Placidia
1018 1112 1062 1158 in
1083 1115 1164 1160 Ec·
1360 1113 1627 1159 SVBISTI

192 1172 322 1231 clefia
341 1178 387 1223 S.
408 1177 536 1222 Pauli
558 1178 815 1225 exaustas.
1204 1182 1377 1246 JVRE
1406 1184 1564 1231 TVIS
1600 1183 1886 1233 TEMPLIS
1917 1186 2056 1233 LVX
2086 1188 2182 1232 BE-

262 1246 438 1294 Pluries
464 1263 551 1313 ego
573 1248 684 1295 hanc
704 1248 943 1298 Bafilicam
977 1256 1023 1301 S.
1046 1255 1162 1302 Lau·
1354 1255 1590 1300 NERANDA
1618 1269 1757 1301 REDIT
1774 1287 1785 1299 .

187 1317 318 1365 rentii
337 1334 421 1383 pro
438 1319 835 1372 restaurationibus
856 1357 870 1378 ‚
903 1320 994 1371 five
1029 1326 1160 1373 novis
1213 1325 1369 1388 Qare
1401 1321 1431 1371 fi
1459 1338 1758 1372 numerentur
1790 1323 1962 1381 literae,
1998 1341 2093 1390 quae
2125 1343 2179 1373 ex

187 1385 386 1436 aedificiis
406 1386 733 1456 distinguendis
754 1390 879 1440 adivi
900 1428 913 1449 ,
942 1393 1017 1443 sed
1040 1397 1158 1443 ultra
1213 1408 1406 1460 utraque
1433 1413 1562 1444 arcus
1582 1411 1706 1461 parte
1738 1392 1957 1443 deficiunt
1977 1430 1990 1450 ‚
2033 1396 2185 1443 chara-

187 1457 328 1507 fidem
348 1456 588 1508 difficilem
621 1462 734 1510 hanc
770 1465 1064 1515 Provinciam
1090 1484 1161 1514 ex·
1210 1464 1423 1532 &eseque
1442 1465 1692 1528 majusculo
1711 1463 2073 1533 represententur
2092 1504 2106 1524 ‚
2122 1464 2182 1513 fe-

184 1544 344 1597 pertus
373 1527 505 1588 sum3
544 1532 844 1583 nihilominus
877 1554 974 1602 quae
1011 1535 1160 1586 obser·
1210 1539 1259 1586 re
1301 1536 1545 1586 dimidium
1590 1556 1719 1585 arcus
1763 1534 1953 1585 deficere
1992 1540 2183 1604 reperie-

185 1603 327 1658 vavi,
357 1601 526 1667 quidve
556 1602 651 1670 ipse
676 1604 886 1654 existimo
907 1609 1122 1671 adjiciam
1143 1644 1159 1667 ‚
1210 1624 1331 1664 mm,
1347 1607 1453 1656 cum
1474 1610 1613 1657 literae
1631 1609 1676 1656 in
1696 1622 1851 1656 totum
1872 1605 1957 1656 sint
1976 1617 2061 1655 66.
2086 1627 2182 1656 exa-

184 1685 355 1738 tuoque
370 1708 385 1730 ,
404 1672 547 1721 lestor
563 1709 578 1730 ‚
596 1671 1075 1740 submittamjudicio.
1211 1692 1306 1725 rata
1323 1697 1435 1727 voce
1456 1681 1651 1728 Levvita
1677 1697 1783 1728 cum
1803 1677 1975 1744 duplici
2001 1684 2062 1728 V.
2084 1698 2180 1745 quae

253 1748 472 1791 Autumo
500 1744 644 1811 igitur
665 1746 902 1796 Basilicam
931 1751 1075 1807 hanc,
1108 1746 1373 1815 uthesunt
1400 1751 1543 1798 literae
1576 1751 1766 1819 triginta
1798 1747 1928 1807 sunt3
1960 1749 2124 1815 quibus
2155 1751 2179 1797 ἒι

180 1815 279 1862 aliae
314 1814 369 1862 ab
391 1813 555 1863 eodem
591 1816 893 1867 Constantino
929 1820 1160 1870 aedificatae
1212 1828 1297 1867 66.
1330 1818 1576 1877 detrfflstis,
1607 1840 1656 1869 ea
1684 1839 1777 1886 quae
1813 1836 2049 1869 remanent
2079 1818 2180 1869 sunt

183 1885 349 1933 Crucis
381 1882 579 1934 formam
603 1888 799 1938 habuisse
817 1925 832 1947 ,
868 1888 1072 1949 scilicet,
1109 1907 1160 1941 ut
1214 1901 1295 1951 36·
1318 1890 1520 1959 adeoque
1558 1891 1695 1959 paulo
1727 1891 2023 1941 medietatem
2047 1910 2176 1939 arcus

180 1974 280 2023 pars
318 1961 464 2019 major
498 1961 697 2017 Crucis,
727 1959 818 2009 five
847 1965 975 2010 navis
1009 1968 1157 2026 major
1210 1961 1461 2020 excedunt,
1489 1961 1631 2012 alterzi
1659 1960 1750 2010 fere
1772 1963 2012 2011 medietate
2043 1963 2178 2026 disje-

179 2027 522 2085 denominetur,
538 2031 799 2089 Orientem,
821 2033 1004 2082 brachia
1024 2033 1154 2091 vero,

177 2097 270 2147 five
304 2100 434 2146 navis
478 2099 732 2150 transversa
777 2107 1153 2171 Septentrionem

178 2167 471 2236 respicerent,
491 2191 542 2219 ac
564 2171 655 2239 ipsa
675 2172 856 2223 brachia
877 2195 929 2224 eo
952 2175 1032 2225 fita
1051 2175 1154 2226 fuis-

177 2238 219 2288 se
236 2243 358 2297 loco,
373 2240 449 2289 ubi
466 2261 586 2291 nunc
605 2261 659 2292 ex
682 2263 768 2293 una
789 2248 1032 2296 Secretarii
1052 2267 1153 2315 por-

175 2325 241 2368 ta,
258 2330 310 2359 ex
326 2313 467 2361 altera
486 2312 602 2363 vero
618 2315 823 2382 partibus
842 2316 1079 2368 descensus
1096 2320 1153 2369 ad

178 2381 492 2432 Catacumbas
514 2402 786 2435 cernuntur.

247 2456 436 2519 Qanta
485 2472 639 2505 autem
692 2477 823 2508 arcus
875 2461 1152 2528 magnitudo

174 2520 342 2581 suerit,
378 2545 432 2573 ex
455 2526 636 2576 duobus
655 2527 783 2595 supra
811 2533 962 2580 relatis
987 2532 1154 2598 postre-

171 2598 260 2643 mis
277 2598 557 2647 carminibus
578 2602 761 2648 elicitur
776 2637 789 2658 ,
816 2621 1008 2670 nempe:

1207 2030 1301 2080 ἃεῖε
1333 2034 1436 2081 hinc
1462 2053 1591 2083 arcus
1629 2033 1923 2082 latitudinem
1955 2069 1970 2090 ,
2014 2053 2064 2081 ac
2098 2052 2178 2101 per

1206 2101 1481 2170 consequens
1532 2104 1871 2172 longitudinem
1919 2102 2129 2154 Ecclesiae
2159 2141 2175 2163 ,

1207 2192 1302 2240 quae
1321 2175 1565 2225 excedebat
1597 2191 1770 2242 partem
1797 2177 1929 2224 illam
1951 2212 1965 2233 ‚
1998 2174 2174 2223 hodier-

1207 2263 1316 2293 num
1339 2246 1690 2313 Presbyterium
1713 2246 2062 2295 constituentem
2079 2283 2089 2293 .
2112 2247 2176 2296 Si-

1206 2318 1310 2364 mile
1330 2317 1549 2368 habemus
1572 2319 1835 2384 exemplum
1856 2320 1899 2365 in
1936 2315 2174 2366 Ecclefiad

1208 2392 1290 2441 SS.
1311 2387 1512 2446 Cosmae,
1531 2388 1578 2438 ὃ(
1601 2391 1834 2445 Damiani,
1857 2388 1931 2436 ubi
1951 2390 2089 2436 etiam
2110 2407 2175 2436 ar-

1208 2478 1284 2507 cus
1302 2462 1557 2509 coarPtatus
1573 2458 1662 2516 est,
1685 2477 1817 2524 atque
1833 2461 1938 2507 ideo
1953 2460 2089 2507 etiam
2110 2474 2173 2508 to-

1208 2545 1251 2582 ta
1273 2530 1472 2581 Ecclesia
1490 2568 1504 2588 ,
1533 2529 1655 2597 quod
1672 2549 1722 2579 ex
1741 2528 1929 2579 Mufivo
1945 2566 1959 2586 ‚
1988 2528 2036 2579 ὅ(
2051 2527 2174 2577 fene-

1207 2600 1303 2649 stris
1324 2601 1569 2651 deducitur
1588 2638 1602 2658 ,
1635 2620 1731 2667 quae
1757 2603 1800 2648 in
1822 2598 1935 2648 facie
1969 2598 2170 2662 ejusdem

174 2664 446 2726 filartyrium
476 2668 670 2734 flammis
709 2673 807 2719 olim
852 2672 1020 2723 Levita
1047 2673 1150 2738 sttb-
1205 2672 1410 2721 Eccleliae
1430 2671 1549 2730 sunt,
1570 2687 1619 2720 ut
1639 2674 1680 2718 in
1715 2670 1848 2738 ipsius
1864 2668 2170 2737 descriptione

320 2757 336 2784 ι
372 2758 417 2796 z,

233 2739 369 2865 Jurest
394 2814 480 2857 tuis
528 2813 698 2878 templis
744 2813 822 2861 lux
867 2816 1150 2866 ‘veneranda-2

312 2880 437 2930 redit.

175 2949 290 3014 Qae
316 2955 519 3001 carmina
550 2956 597 3004 in
627 2957 896 3023 triumphali
925 2976 1033 3006 arcu
1066 2956 1146 3010 sub

173 3019 334 3067 eodem
366 3023 557 3076 Musivo
586 3045 723 3093 opere
756 3030 1004 3096 leguntur:
1037 3048 1148 3079 non-

171 3090 308 3137 nullae
341 3106 491 3141 tamen
515 3116 651 3145 voces
672 3095 869 3156 desunt,
902 3099 1009 3148 cnm
1043 3120 1145 3149 mu-

170 3178 246 3207 rus
267 3159 320 3208 fit
347 3164 510 3212 recisus
531 3204 544 3223 ,
575 3167 622 3218 ὃ(
643 3168 834 3218 verbum
863 3168 1031 3222 Levita
1059 3172 1143 3220 du-

167 3231 279 3296 plici
296 3236 357 3282 V.
377 3236 625 3303 expressum
646 3237 726 3298 fit,
743 3256 902 3310 utpote
917 3244 1054 3291 etiam
1075 3245 1141 3297 lo-

1202 2744 1248 2791 in
1276 2741 1466 2792 secunda
1484 2742 1630 2791 nostra
1654 2741 1953 2797 Mufivorum
1973 2759 2170 2808 operum

1201 2829 1327 2881 parte
1344 2815 1512 2864 disturi
1530 2812 1681 2862 sumus
1697 2847 1707 2859 .

1272 2887 1429 2949 Qare
1459 2904 1510 2934 ex
1532 2882 1673 2952 ipsius*
1695 2902 1825 2932 arcus
1859 2887 1905 2932 S.
1931 2885 2180 2937 Laurentii*

1200 2955 1476 3007 restriffione
1501 2992 1516 3013 ‚
1545 2956 1888 3020 carminumque
1918 2956 2168 3003 mutilatio-

1200 3047 1280 3085 ne,
1302 3025 1582 3077 validiffimfi
1597 3027 1778 3074 elicitur
1805 3039 2131 3091 argumentum
2151 3061 2166 3082 ,

1200 3097 1447 3152 Ecclefiam
1476 3099 1592 3150 hanc
1622 3097 1865 3147 arstiorem
1901 3091 2026 3143 fuisse
2059 3093 2166 3152 illd,

1197 3187 1336 3234 quarn
1378 3168 1704 3220 Constantinus
1740 3165 2014 3218 fundaverat
2039 3201 2060 3223 ,,
2102 3184 2165 3215 re-

1194 3239 1505 3307 stauravitque
1538 3238 1676 3288 Galla
1694 3237 1897 3290 Placidia
1922 3272 1938 3295 ,
1968 3235 2017 3285 ὃς
2054 3235 2179 3287 crim.

1929 3305 2090 3355 eodem

2308 3551 2310 3553 -
2300 2807 2320 3526 *av·÷m⁴m—5Qff.mmr
2311 2734 2318 2779 tun*
