2331 3585
291 252 352 297 28
570 241 1870 297 DES'ACR'ISAEDIFICIIS

220 347 397 400 pretem
435 330 520 377 hoc
550 331 657 379 loco
688 333 969 381 Vaticanum
989 343 1197 380 montem
1209 329 1462 399 Aappareat
1481 347 1533 377 ex
1549 331 1694 381 Circo
1711 329 1963 380 Caracallae
1979 364 1996 386 ,
2018 328 2043 377 ὲ
2056 332 2221 381 Panvi-

220 421 310 451 non
343 400 480 469 longe
507 401 648 450 abesse
689 403 711 450 εὶ
740 404 948 454 Theatro
986 402 1195 469 Pompeii
1247 406 1327 450 nio
1351 405 1394 449 in
1421 402 1498 452 suo
1516 404 1674 469 Opere
1691 401 1746 449 de
1765 399 1908 449 Ludis
1920 401 2214 452 Circensibus

220 475 491 535 conjicitur3
514 491 650 538 quem
677 472 916 523 resonuisse
934 472 1067 522 simul
1085 491 1193 521 cum
1244 489 1351 542 pag.
1375 492 1454 535 57.
1487 475 1629 522 relato
1649 508 1665 530 ,
1697 471 1774 520 ubi
1803 489 1857 521 ex
1885 491 1976 521 una
2003 473 2212 522 Obelisci

219 546 326 610 ripis
346 541 506 610 plausu
536 543 815 612 Populiipse
846 543 1013 594 refert.
1049 542 1191 612 Apud
1242 560 1370 608 parte
1399 546 1519 595 Solis
1545 545 1805 611 templum,
1845 561 1900 592 ex
1935 547 2077 594 altera
2094 544 2212 594 vero

218 616 491 664 Martialem
517 632 609 664 non
638 613 779 665 semel
813 618 1093 666 Vaticanum
1125 612 1191 663 of-
1241 617 1411 664 Matris
1444 612 1601 664 Deum
1637 613 1937 663 fimulacrum
1972 619 2212 667 cernitur.

217 684 481 742 sendimus,
514 691 641 752 cujus
674 690 781 736 vina
801 686 977 755 peffimi
1011 688 1190 756 generis
1244 688 1456 754 Itemque
1474 700 1580 735 ante
1616 687 1848 754 Apollinis
1873 689 2105 754 templum
2134 687 2214 737 ob-

216 755 344 807 fuiffe
363 758 529 805 cecinit
548 793 560 804 .
577 757 649 806 Ibi
671 794 683 805 .

1243 755 1519 807 servandum
1534 756 1614 815 est,
1631 754 1756 805 fuisse
1776 755 2068 816 vestibulum,
2083 760 2213 826 quod

215 828 351 903 Qid
381 843 426 875 te
461 829 609 878 Tucca
632 833 769 892 juvar
800 831 951 879 vetulo
979 829 1193 897 mistere-²
1243 831 1524 879 Vaticanum
1542 828 1922 877 denominabatur
1941 865 1959 887 ,
1981 832 2085 896 quia
2111 834 2212 881 Va-

351 900 556 963 phalerno

249 965 299 1017 In
323 968 546 1018 Vaticanis
562 971 726 1019 condita
751 970 887 1036 musta
902 971 1014 1019 cadis
1031 985 1049 1021 ?

1239 914 1309 948 tes
1326 937 1343 958 ,
1374 899 1546 950 scilicet
1563 901 1810 949 Idolorum
1832 899 2099 952 Sacerdotes
2114 937 2127 958 ,
2148 903 2213 951 ibi

1243 976 1379 1021 Sacra
1409 972 1682 1041 peragebant
1698 991 1713 1029 3
1746 968 1940 1036 ideoque
1963 986 2065 1020 tota
2093 974 2214 1022 illa...

288 1043 529 1108 Campum
565 1045 848 1092 Vaticanum
888 1044 1082 1092 eximius
1111 1045 1188 1093 ille
1241 1060 1342 1109 pars
1359 1042 1559 1092 Bafilicae
1578 1079 1593 1100 ,
1615 1061 1713 1109 quae
1731 1043 1984 1091 Meridiem
1999 1039 2212 1110 respicit,

215 1109 429 1161 Historia:
449 1115 661 1179 Scriptor
679 1115 873 1162 Tacitus
892 1113 974 1161 lib.
1002 1132 1078 1176 14.
1094 1120 1187 1165 An·
1204 1102 1523 1163 BVaticanum
1541 1116 1679 1162 etiam
1696 1112 1817 1162 dieta
1833 1109 1922 1162 fuit
1943 1149 1958 1171 ,
1990 1129 2040 1163 ut
2059 1130 2214 1164 narrat

212 1182 424 1240 nalium,
455 1186 644 1233 Vallem
677 1185 878 1250 appellat
901 1184 970 1232 his
1000 1186 1185 1235 verbis:
1237 1188 1451 1252 antiquus
1484 1187 1690 1252 Scriptor
1738 1187 1899 1233 Petrus
1932 1186 2126 1234 Mallius
2165 1187 2214 1234 in

213 1251 491 1322 Clansz'tmque
529 1254 656 1303 Valle
681 1252 1113 1321 Vaticandffiatzum,
1140 1263 1185 1306 in
1235 1254 1313 1304 sua
1351 1254 1672 1325 Descriptione
1723 1258 1959 1305 Vaticanae
2008 1253 2213 1306 Basilica:

211 1341 290 1388 quo
325 1344 448 1392 equos
476 1324 603 1373 Nero
633 1341 819 1393 regeret.
854 1329 980 1375 Nam
1017 1330 1185 1379 Circus
1236 1345 1369 1380 num.
1392 1337 1470 1377 16.

210 1394 286 1441 hic
320 1395 658 1462 antiquiffimus
687 1411 784 1446 erat
804 1432 818 1454 ,
847 1397 871 1445 ὲ
899 1401 1018 1461 Cajo
1036 1415 1187 1450 extru-
1307 1398 1455 1467 Prope
1477 1400 1670 1450 Circum
1692 1433 1707 1456 ,
1730 1398 1879 1448 Collis
1898 1397 2105 1448 cretosus
2121 1397 2214 1456 est,⁴

210 1466 313 1512 &us
333 1502 349 1522 ‚
377 1465 425 1516 ὅ(
443 1466 660 1535 Augusto
677 1468 854 1516 dicatus
871 1503 886 1525 ‚
907 1469 1016 1518 licet
1034 1470 1186 1538 postea
1236 1470 1454 1519 lateribus
1470 1506 1484 1527 ‚
1510 1472 1674 1540 tegulis
1693 1505 1706 1526 ,
1729 1468 1845 1518 vafis
1862 1507 1876 1527 ,
1897 1468 2085 1536 aliisque
2098 1468 2215 1519 fisti-

209 1538 414 1584 Neronis
434 1535 720 1605 assumpserit
739 1556 906 1587 nomen
926 1577 940 1598 ‚
969 1547 1187 1604 cujusve·
1237 1541 1354 1590 libus
1395 1541 1609 1609 operibus
1643 1538 1916 1589 fabricandis
1954 1540 2091 1590 valde
2131 1560 2214 1609 op-

207 1603 343 1675 stigia
362 1611 521 1656 tamin
540 1611 808 1676 praeterito,
836 1613 977 1677 quam
1007 1615 1050 1661 in
1072 1632 1181 1680 prae-
1235 1627 1490 1678 portuum,
1524 1627 1574 1661 ut
1605 1611 1873 1679 quotidiana
1903 1611 2039 1661 docet
2079 1630 2214 1677 expe-

195 1674 325 1728 -senti
340 1676 492 1727 seculo
508 1681 722 1729 extabant
742 1718 758 1739 ‚
791 1699 896 1729 narn
915 1686 1082 1750 partim
1110 1688 1178 1733 vi·
1231 1685 1408 1740 rientia,
1423 1683 1480 1732 de
1497 1684 1840 1750 qquuvenalis
1857 1687 2014 1748 Satyr.
2041 1693 2115 1730 16.
2129 1684 2212 1732 ibi.

207 1745 438 1805 sebantur,
457 1756 627 1816 partim
650 1754 759 1800 vero
776 1767 947 1802 terram
964 1752 1179 1802 effodien-
1229 1752 1288 1800 Et
1319 1752 1516 1800 Vaticano
1532 1752 1720 1818 fragiles
1758 1753 1808 1800 de
1833 1770 1967 1800 monte
1994 1755 2175 1814 patellas
2199 1790 2212 1804 .

203 1817 268 1866 do
281 1820 467 1867 inventa
483 1817 612 1869 fuere
629 1858 641 1869 .
671 1824 964 1888 Praecipuum
996 1824 1044 1873 ὅ(
1061 1827 1179 1890 prin-
1303 1825 1552 1872 Vitellium
1584 1826 1627 1871 in
1652 1821 1730 1871 suo
1753 1825 2015 1892 Principatu
2041 1825 2212 1874 ducen-

205 1889 353 1956 cipale
368 1891 496 1939 Circi
515 1889 693 1960 signum
711 1907 809 1939 erat
828 1892 1177 1961 Obeliscus,qui
1231 1908 1388 1941 torum
1430 1893 1754 1943 sextertiorum
1792 1897 1963 1943 valoris
2005 1899 2211 1961 patinam

203 1978 329 2008 nunc
347 1976 452 2009 ante
471 1964 712 2010 Basilicam
733 1963 938 2026 cernitur
951 1998 966 2020 ,
993 1965 1105 2012 olim
1124 1964 1177 2014 fi-
1192 1951 1498 2022 Ccondidiffe,
1516 1979 1669 2013 narrat
1689 1967 1859 2014 Plinius
1875 1963 1956 2013 lib.
1975 1983 1998 2026 3
2011 1984 2100 2027 5.c.
2130 1986 2148 2016 1
2161 1985 2207 2016 2.

203 2045 280 2080 tus
296 2049 438 2100 prope
457 2032 534 2081 ubi
561 2052 683 2082 nunc
709 2035 976 2084 Sacrarium
999 2072 1011 2083 .
1051 2038 1180 2087 Circi
1231 2036 1307 2083 cui
1324 2036 1582 2085 extruendae=
1599 2033 1760 2085 fornax
1792 2037 1837 2084 in
1853 2039 2027 2105 campis
2047 2037 2211 2087 exaedi-

203 2102 427 2160 initium,
459 2101 553 2152 five
582 2103 803 2173 ingressus
835 2121 932 2155 erat
958 2143 973 2164 ,
1016 2109 1093 2157 ubi
1124 2108 1185 2158 ad
1233 2103 1367 2155 ficata
1386 2121 1485 2155 erat
1506 2143 1519 2162 ‚
1550 2124 1663 2174 quos
1683 2108 1840 2174 urique
1859 2125 2046 2175 campos
2079 2110 2214 2162 Vati-

203 2171 395 2241 praesens
419 2173 619 2225 Ecclefia
639 2181 686 2227 S.
703 2177 904 2225 Marthae
918 2199 932 2236 3
946 2176 1047 2226 finis
1064 2215 1079 2237 ,
1108 2178 1184 2230 seu
1236 2194 1371 2225 canos
1392 2175 1519 2226 fuisse
1535 2176 1741 2226 existimo
1761 2198 1777 2237 3
1804 2178 1860 2226 de
1888 2179 2052 2245 quibus
2070 2178 2117 2230 ὃ(
2136 2182 2211 2230 Li-

204 2247 416 2294 terminis
440 2246 499 2294 ad
515 2249 705 2295 ultimos
735 2245 859 2295 scalae
875 2248 1048 2316 gradus
1071 2255 1181 2300 anti-
1235 2249 1337 2296 vius
1357 2252 1420 2298 ait
1439 2269 1450 2297 ε
1482 2247 1677 2317 Qorum
1694 2264 1849 2297 terram
1869 2285 1883 2306 ,
1916 2249 2207 2317 Argillaceam

209 2333 309 2380 quae
335 2314 534 2365 Bafilicae
554 2315 595 2366 se
620 2316 925 2377 extendebat,
959 2335 1009 2369 ut
1039 2318 1182 2373 fufius
1234 2319 1309 2385 ‘ffi
1337 2354 1352 2377 ,
1397 2326 1450 2368 ἐφ’
1485 2321 1544 2367 ad
1558 2319 1756 2386 fizbricas
1790 2320 2042 2386 aptzffimam
2076 2337 2208 2388 expe-

204 2401 361 2435 narrat
384 2385 624 2436 severanus
644 2391 688 2436 in
708 2387 795 2437 suis
819 2391 1065 2441 Memoriis
1094 2398 1175 2443 Sa·
1230 2396 1390 2439 rimur·
1422 2389 1658 2440 Laudatus
1687 2389 1804 2439 ver&
1833 2393 2025 2441 Tacitus
2051 2392 2133 2442 lib·
2160 2412 2207 2442 2·

205 2458 294 2505 cris
313 2455 484 2524 septem
504 2457 813 2508 Ecclefiarum
837 2461 985 2510 Urbis
1001 2479 1106 2534 pag.
1128 2484 1175 2524 7.
1228 2460 1689 2513 Histor.Vaticanam
1706 2476 1876 2510 terram
1894 2460 2108 2512 infamem
2123 2481 2205 2513 vo-

205 2530 359 2596 Prope
389 2528 660 2578 Obeliscum
693 2531 1001 2583 Occidentem
1019 2535 1175 2586 versus
1227 2535 1371 2590 citat,
1395 2530 1518 2581 hisce
1539 2532 1689 2583 verbis
1711 2554 1722 2582 :
1762 2533 1966 2601 Postremi>
1984 2537 2206 2601 nefalutis

204 2597 299 2647 duo
315 2597 505 2648 aderant
525 2602 722 2650 rotunda
739 2606 914 2672 templa
934 2640 947 2661 ,
977 2623 1176 2671 quorum
1228 2606 1390 2671 quidem
1428 2602 1528 2652 cura
1568 2604 1797 2671 infamibus
1852 2604 2050 2653 Vaticani
2097 2608 2204 2654 locis

205 2668 430 2719 Obelisco
447 2673 703 2739 proximius
724 2677 869 2724 Matri
889 2673 1175 2736 Deiim31icet
1189 2693 1374 2744 Dmagncz
1404 2690 1507 2742 pars
1536 2675 1715 2724 tetendit
1743 2711 1758 2733 ,
1800 2675 1904 2723 unde
1933 2675 2081 2723 crebrae
2116 2683 2205 2726 in...

203 2758 444 2808 perperam
471 2743 496 2790 ὲ
516 2742 790 2809 quibusdam
812 2749 961 2796 Marti
983 2749 1175 2799 attribu-

205 2825 341 2868 turn,
371 2810 419 2863 ὅ(
457 2813 543 2862 hoc
565 2818 768 2865 Neronis
803 2817 1067 2869 Vestiarum
1101 2840 1175 2889 ap-

206 2883 426 2948 pellatum
457 2920 468 2931 .
520 2887 739 2935 Alterum
789 2889 904 2939 vero
956 2895 1177 2947 remotius

206 2954 556 3018 Apollini‚idest
573 2960 668 3006 Soli
685 2958 890 3010 dicatum
908 2979 1022 3012 erat.
1037 2968 1178 3015 Utra-

207 3039 295 3087 que
328 3041 434 3071 cum
464 3026 653 3078 transitu
673 3029 1097 3095 fimulconjunsta,
1134 3040 1177 3085 in

207 3090 327 3140 hisce
346 3093 543 3144 aedificiis
574 3096 755 3163 speciali
786 3118 892 3153 nota
915 3106 1055 3177 digna
1078 3107 1179 3157 sunt

207 3179 299 3210 non
318 3161 466 3213 solum
488 3202 504 3223 ‚
537 3167 663 3233 quod
683 3172 726 3219 in
754 3177 880 3223 Circi
911 3166 1034 3242 spina
1051 3196 1179 3228 erant

211 3231 486 3293 constrrffla,
504 3238 664 3287 verum
683 3245 820 3291 etiam
835 3280 848 3300 ,
864 3247 986 3310 quod
1010 3251 1053 3297 in
1073 3269 1178 3308 una,

210 3303 457 3372 eademque
474 3322 603 3375 parte
621 3308 704 3361 fita
719 3332 735 3373 3
763 3332 870 3364 cum
894 3323 1178 3370 contrarium

1226 2751 1392 2815 ‘vulgus
1409 2763 1578 2795 mortes.
1595 2745 1919 2795 Vetustiffimae
1937 2749 2084 2804 Ilicis,
2102 2766 2202 2814 quae
2284 2799 2285 2802 ,

1226 2819 1344 2888 apud
1378 2819 1662 2869 Vaticanum
1684 2819 1797 2866 olim
1823 2820 1970 2867 viruit
1994 2819 2207 2867 meminit

1227 2890 1348 2941 idem
1370 2891 1541 2941 Plinius
1560 2887 1638 2937 lib.
1668 2897 1743 2936 16.
1767 2906 1866 2957 cap.
1893 2906 1981 2951 44,
2006 2888 2081 2935 ubi
2113 2887 2171 2936 fic
2188 2908 2202 2936 :

1238 2964 1443 3029 Vetustior
1466 2959 1595 3011 Urbe
1619 2962 1664 3008 in
1703 2959 1902 3008 Vaticano
1932 2957 2030 3007 Ilex
2054 2994 2069 3015 ,
2108 2957 2201 3009 ἃς,

1232 3039 1291 3084 Et
1306 3034 1359 3083 de
1391 3031 1604 3081 inauditae
1632 3029 1962 3098 magnitudinis
1994 3028 2201 3098 serpente
2277 3029 2294 3093 ig

1227 3108 1273 3154 in
1292 3103 1458 3155 eodem
1486 3104 1713 3154 Vaticano
1732 3099 1883 3150 occiso
1899 3136 1915 3158 ‚
1948 3100 2069 3149 idem
2101 3106 2202 3150 Au<

1229 3178 1328 3226 &or
1353 3175 1432 3226 lib.
1454 3178 1615 3242 8.cap.
1640 3171 1808 3234 13.⁷ita
1833 3173 2071 3221 meminit:
2114 3172 2200 3219 Fa·
2274 3179 2293 3227 ;'

1229 3254 1343 3298 ciunt
1371 3247 1572 3314 hisfidem
1598 3249 1643 3294 in
1661 3243 1794 3295 Italia
1820 3245 2036 3310 appellatae
2070 3240 2196 3290 ‘Boaez
2272 3214 2291 3290 ³¹³

1231 3326 1250 3386 (
1268 3317 1379 3370 idest
1408 3318 1682 3388 Serpentes)
1715 3320 1759 3365 in
1777 3332 1937 3369 tantam
1956 3313 2198 3380 amplitudi-
2269 3357 2287 3391 ᾧ

2038 3404 2126 3432 nem
