2331 3585
786 219 824 268 c
892 220 938 267 A
1011 218 1051 268 P
1124 221 1176 268 u
1231 211 1297 266 ”T
1423 217 1491 267 X.
1954 238 2040 282 133

196 311 348 360 Variae
373 305 473 355 sunt
489 305 758 368 conjesturae
775 342 790 363 ,
823 324 921 371 quae
946 323 1018 353 me
1035 303 1133 353 adA
1146 302 1338 373 ipsemet
1353 305 1599 352 oculariter
1620 304 1717 353 vidi
1737 340 1751 361 ,
1787 308 1831 353 in
1853 305 2013 371 quibus
2047 305 2117 354 di-

128 383 214 429 hoc
241 376 517 428 credendum
538 375 760 425 inducunt
777 414 787 423 .
824 379 977 427 Prima
1008 374 1096 433 est,
1147 373 1285 425 versae
1301 389 1429 423 erant
1446 393 1576 432 arcae,
1595 374 1616 422 ἐ
1637 375 1783 440 lapide
1805 378 1994 442 piperite
2015 394 2119 424 con-

129 450 255 517 quod
286 447 600 498 animadverto
630 464 720 494 non
744 445 848 496 casu
866 481 881 502 ,
910 445 983 495 sed
1012 449 1098 494 in.»
1148 445 1328 495 strustae
1348 477 1361 501 ‚
1390 464 1500 512 quas
1521 447 1636 494 intra
1662 448 1758 493 aliae
1785 464 1930 513 parvae
1948 449 2117 512 pariter

129 524 318 583 alicujus
348 520 410 566 rei
431 515 694 582 symbolum
721 519 819 565 illas
858 517 1027 586 figuras
1050 517 1098 565 in
1151 532 1278 566 erant
1299 552 1310 564 .
1342 519 1441 566 Has
1460 533 1620 564 omnes
1647 514 1881 582 descripfit
1898 551 1911 572 ‚
1939 535 1988 563 ac
2009 518 2115 564 deli-

131 593 250 642 Tab.
269 586 498 640 XXX.&
514 591 711 638 XXXI.
728 589 752 637 εὶ
769 588 1097 637 Construstore
1149 590 1306 636 neavit
1334 587 1584 638 Kircherus
1615 588 1660 633 in
1682 585 1760 634 suo
1795 589 1927 634 Latio
1947 604 2044 653 cap.
2073 605 2121 646 3.

136 662 380 710 delineatas
411 655 536 707 fuiffe
553 695 564 706 .
606 662 730 707 Nam
764 658 824 707 ibi
842 660 954 707 varii
974 660 1102 726 pueri
1156 663 1224 707 Ex
1243 675 1334 725 quo
1352 655 1679 723 collig0,quod
1710 672 1875 725 magna
1903 674 2004 704 arca
2029 673 2119 704 non

132 734 240 780 alati
264 744 511 779 cernuntur
525 765 540 786 ‚
559 731 634 794 qui
655 731 718 778 nil
738 729 863 778 aliud
879 727 1102 795 represen-
1156 746 1300 777 unum
1318 764 1333 786 ,
1354 726 1427 776 sed
1443 729 1574 795 plura
1595 725 1794 789 ejusdem
1820 724 2001 775 familiae
2027 745 2121 774 cre-

132 817 233 851 tant
260 837 275 860 ,
312 800 392 848 nifi
426 801 629 857 Genios,
670 817 752 866 pro
781 799 1039 849 numinibus
1077 800 1102 846 ὲ.
1152 814 1278 848 mata
1306 798 1527 848 cadavera
1551 801 1594 846 in
1613 797 1654 846 se
1673 800 1951 846 contineret.
1970 797 2123 847 Habe-

137 890 266 921 coeca
305 872 576 919 Gentilitate
627 870 801 918 habitos
834 907 847 928 ‚
902 888 1101 937 quorum
1154 870 1317 936 batque
1356 872 1493 918 etiam
1526 869 1650 917 idem
1692 871 1939 917 Furiorum
1981 866 2122 934 sepul-

137 943 395 993 Geniorum
422 939 620 988 infinitus
642 955 737 989 erat
763 959 980 989 numerus
999 977 1014 997 ,
1053 958 1103 989 ut
1155 959 1286 989 crum
1313 942 1357 987 in
1381 945 1527 1002 januae
1548 937 1808 988 summitate
1838 936 1969 1005 ipsius
1997 936 2122 986 fami-

142 1014 428 1061 narravimus
455 1012 500 1058 in
517 1009 667 1060 nostro
697 1029 832 1078 opere
859 1012 914 1061 de
939 1016 1136 1096 Vener-B
1156 1013 1223 1060 Iiae
1244 1012 1417 1059 Genios
1443 1009 1665 1078 expreffos
1682 1046 1697 1068 ,
1717 1025 1767 1058 ut
1785 1009 1998 1058 laudatus
2017 1010 2121 1059 Kir-

137 1083 470 1148 Monim.part.
499 1101 538 1129 1.
557 1100 656 1149 cap.
681 1086 772 1132 IX.
792 1083 946 1149 ibique
965 1085 1103 1131 etiam
1156 1084 1316 1129 cherus
1345 1079 1605 1129 observavit
1625 1117 1640 1137 ,
1673 1099 1768 1147 quae
1801 1082 1954 1128 omnia
1980 1084 2125 1142 conje-

135 1153 412 1203 ostendimus
443 1153 467 1217 ζ
478 1151 601 1217 quod
630 1166 713 1219 pro
745 1151 937 1201 secunda
961 1159 1108 1216 conje-

137 1225 266 1273 &ura
283 1222 336 1272 fit
359 1229 380 1280 )
414 1222 695 1280 Proceres,&
711 1227 951 1292 Magnates
966 1261 981 1280 ,
997 1239 1109 1272 tem-

136 1296 222 1364 plis
247 1312 329 1361 pro
364 1293 658 1342 recondendis
685 1293 979 1343 cadaveribus
1005 1294 1107 1344 usos

138 1362 265 1415 fuiffe
285 1402 296 1412 .
333 1366 491 1429 Qare
511 1366 536 1412 ὲ
555 1366 751 1413 veritate
767 1368 964 1413 alienum
993 1363 1107 1414 esse..-

139 1433 330 1486 minime
355 1431 511 1483 censeo
528 1470 542 1492 ,
561 1432 593 1482 fi
610 1437 697 1483 hoc
711 1435 861 1484 nobile
878 1437 1108 1502 templum

139 1507 195 1556 ab
230 1508 385 1572 aliquo
425 1508 710 1573 Imperatore
743 1509 787 1554 in
819 1506 900 1557 suo
936 1507 1108 1571 praedio

141 1575 450 1626 construRum
469 1611 484 1633 ,
517 1577 697 1643 locique
727 1580 880 1625 Genio
899 1612 913 1634 ‚
940 1575 1108 1625 scilicet

142 1648 322 1696 Baccho
340 1647 542 1695 dicatum
567 1644 694 1695 fuiffe
711 1645 915 1704 afferam,
927 1650 1027 1713 quia
1045 1647 1106 1695 ibi

142 1714 323 1766 fortaffe
350 1720 490 1766 vineae
520 1733 645 1765 erant
665 1753 679 1774 ,
707 1716 850 1782 sicque
867 1718 922 1765 ad
939 1719 1106 1766 bonum

1159 1152 1310 1201 &uras
1338 1150 1505 1200 nostras
1524 1151 1733 1200 firmant.

1231 1226 1341 1270 Non
1359 1221 1503 1271 obstat
1523 1258 1538 1279 ,
1567 1221 1693 1288 quod
1710 1221 1764 1269 ab
1787 1222 1941 1287 aliquo
1971 1238 2126 1269 rerum

1160 1296 1451 1359 antiquarum
1488 1293 1641 1341 minus
1675 1291 1856 1342 erudito
1893 1290 2019 1341 afferi
2056 1311 2129 1341 va·

1158 1366 1249 1412 leat
1269 1367 1312 1411 in
1330 1363 1451 1412 Tab.
1469 1367 1635 1413 XXX.
1654 1365 1722 1412 lit.
1741 1366 1865 1411 C.D.
1890 1365 2128 1411 nonnnllas

1160 1437 1282 1483 cerni
1308 1452 1464 1483 cruces
1484 1471 1498 1492 ,
1541 1452 1644 1482 nam
1663 1434 1769 1483 huic
1796 1433 2038 1495 objeRioni
2064 1452 2130 1481 re-

1159 1503 1367 1572 sponderi
1401 1503 1519 1572 poffe
1541 1522 1733 1554 autumo
1756 1536 1771 1561 ,
1800 1502 1981 1573 signum
2014 1502 2130 1553 illud

1160 1593 1248 1623 non
1286 1593 1471 1624 crucem
1500 1612 1515 1633 ,
1569 1573 1644 1625 sed
1680 1590 1873 1642 quatuor
1911 1575 2130 1623 denotare

1160 1649 1380 1695 elementa
1402 1682 1417 1703 ,
1450 1646 1573 1713 quod
1608 1648 1729 1714 apud
1761 1647 2011 1714 AEgyptios
2043 1643 2129 1693 fre-

1159 1735 1299 1782 quens
1321 1716 1589 1782 symbolum
1608 1733 1703 1765 erat
1721 1753 1735 1774 ‚
1766 1731 1817 1764 ut
1837 1716 2033 1764 ostendit
2050 1734 2133 1764 nu-

142 1790 339 1844 vinum,
367 1788 622 1853 bonamque
665 1788 972 1854 colligendam
1007 1791 1237 1852 vin-Cper
1276 1791 1440 1835 citatus
1470 1790 1716 1838 Kircherus
1750 1790 1794 1834 in
1830 1785 1910 1834 suo
1944 1786 2131 1853 Oedipo

143 1858 347 1906 demiam
367 1893 382 1914 ,
407 1860 543 1905 Genii
562 1876 691 1913 uvaS,
711 1857 1003 1925 racemosque
1020 1894 1034 1914 ,
1055 1858 1103 1909 ὅ(

141 1927 305 1977 fimilia
336 1945 477 1976 manu
507 1943 705 1976 tenentes
723 1925 849 1976 fuere
882 1928 1101 1995 expreffi5

1155 1859 1438 1925 AEgyptiaco
1461 1860 1551 1906 To.
1570 1876 1612 1905 2.
1631 1877 1726 1924 par.
1742 1876 1786 1905 2.
1810 1877 1851 1905 c.
1865 1876 1912 1919 4.
1937 1856 1985 1907 &
2005 1858 2128 1906 alibi.

1225 1933 1476 1985 Praeterea,
1505 1943 1555 1976 ut
1581 1930 1606 1975 ὲ
1626 1931 1928 1976 recentiorum
1959 1926 2134 1976 senten-

145 2017 345 2066 quorum
401 2000 607 2046 nonnulli
642 2035 655 2054 ‚
710 2013 760 2046 ut
808 2001 1006 2048 numeris
1062 2020 1102 2048 1.
1155 2000 1221 2045 tia
1250 1998 1473 2047 declinem
1494 2017 1688 2047 moveor
1708 2035 1722 2056 ,
1743 2001 1846 2065 quia
1867 2004 1913 2048 S.
1935 1997 2133 2048 Costan·

149 2088 193 2116 2.
244 2089 287 2131 3.
326 2087 374 2132 4.
412 2086 457 2129 5.
493 2077 541 2116 6.
578 2068 602 2116 ἐ
654 2071 773 2117 collo
826 2070 1107 2136 pendula⁵n-›

147 2138 311 2187 habent
335 2140 508 2188 bullam
526 2175 541 2196 ,
571 2158 668 2205 quae
685 2141 870 2206 puerilis
906 2140 1110 2190 nobilita-

146 2208 388 2277 tisinfigne
415 2223 542 2266 erat,
571 2225 621 2257 ut
649 2210 784 2259 docet
804 2213 974 2260 Plinius
1006 2212 1108 2260 libr.

152 2299 230 2342 33.
256 2299 355 2346 cap.
384 2298 423 2328 1.
451 2281 745 2348 Quapropter
775 2300 922 2330 meam
951 2281 1111 2330 confir-

147 2366 243 2398 mat
267 2350 604 2412 conjecturam,
637 2349 760 2417 quod
792 2370 875 2419 pro
908 2355 1110 2401 Proceri-

148 2420 231 2468 bus
267 2456 281 2477 ,
319 2419 702 2489 Magnatibusque
738 2424 864 2470 locus
897 2423 976 2471 iste
1010 2441 1112 2471 con·

148 2490 345 2539 structus
375 2489 535 2540 fuerit.
570 2492 737 2540 Itidem
764 2494 807 2540 in
835 2493 991 2542 eadem
1012 2512 1113 2561 por-

150 2564 390 2629 phyretica
412 2580 531 2619 arca,
550 2580 600 2609 ac
618 2565 662 2609 in
680 2564 815 2611 latere
834 2562 1006 2632 fignato
1024 2567 1110 2614 litt.

1158 2070 1219 2116 tia
1253 2069 1436 2118 deceffit
1475 2088 1592 2117 anno
1633 2087 1746 2131 354.
1798 2068 2127 2119 Constantinus

1160 2139 1269 2188 vero
1301 2158 1416 2187 anno
1441 2158 1553 2201 337.
1582 2139 1628 2189 ὅ(
1657 2139 1715 2188 fic
1743 2141 1821 2187 illa
1849 2139 1946 2206 post
1986 2142 2131 2188 Patris

1162 2210 1340 2258 obitum
1360 2229 1497 2258 annos
1527 2208 1845 2276 septemdecim
1863 2249 1877 2269 ‚
1902 2228 1991 2276 quo
2012 2228 2131 2258 anno

1160 2281 1414 2348 imperabat
1463 2283 1507 2329 in
1558 2284 1752 2329 Oriente
1817 2281 2131 2330 Constantius.

1168 2354 1308 2402 Unde
1326 2349 1490 2400 inferre
1508 2349 1672 2400 neceffe
1690 2352 1768 2408 est,
1783 2351 2044 2419 praediehrrn
2066 2370 2135 2398 ar-

1163 2441 1263 2471 cam
1310 2440 1400 2470 non
1448 2421 1595 2471 solum
1637 2421 1775 2489 paulo
1814 2436 1916 2469 ante
1955 2421 2131 2470 Sanctae

1165 2492 1432 2556 Constantie
1451 2492 1628 2541 obitum
1646 2528 1660 2548 ,
1683 2491 1758 2540 sed
1776 2492 1912 2560 longe
1934 2491 2133 2540 anterius

1164 2562 1289 2612 fuisse
1310 2560 1551 2630 sculptam,
1569 2580 1730 2629 nempe
1754 2565 1805 2610 iis
1824 2565 1869 2609 in
1889 2560 2067 2617 seculis,
2088 2565 2132 2609 in

155 2636 216 2683 A.
236 2636 286 2680 B.
310 2636 367 2681 C.
387 2631 584 2681 observo
599 2632 725 2698 quod
746 2634 806 2681 ibi
825 2648 911 2682 tres
929 2633 1030 2683 sunt
1048 2638 1154 2697 01-1)
1165 2635 1326 2701 quibus
1359 2634 1483 2682 bonae
1511 2633 1735 2682 florebant
1754 2647 1870 2681 artes
1888 2669 1902 2690 ,
1932 2647 1983 2680 ut
2003 2629 2134 2698 ipfiaes

150 2704 201 2751 1ae
216 2738 230 2758 ,
258 2720 351 2768 quae
369 2705 432 2751 nil
457 2701 581 2751 aliud
608 2703 826 2752 denotant
844 2740 858 2761 ,
895 2704 975 2753 nifi
996 2708 1109 2754 ollas
1165 2708 1380 2754 caelatura
1398 2703 1697 2753 demonstrat.

109 2836 113 2839 ‘
149 2774 248 2821 illas
266 2808 280 2829 ,
306 2791 402 2838 quae
423 2771 644 2822 Offuariae
666 2775 1007 2841 appellabantur
1024 2812 1039 2833 ,
1070 2779 1114 2824 in

151 2843 318 2910 quibus
336 2844 503 2891 cineres
522 2879 536 2900 ‚
568 2843 615 2893 ὃ(
643 2845 922 2894 cadaverum
947 2865 1114 2894 crema-

154 2928 314 2962 torum
389 2911 478 2962 offa
549 2915 881 2981 reponebantur
920 2953 932 2964 .
1007 2920 1115 2964 Mos

155 2982 235 3031 iste
266 2987 311 3031 in
338 2986 487 3051 aliqua
517 3001 680 3051 magna
709 3004 812 3033 arca
856 2988 1005 3034 varios
1045 2987 1119 3035 de-

155 3052 419 3103 funElorum
458 3057 626 3103 cineres
647 3093 660 3116 ‚
698 3058 832 3104 variis
864 3060 907 3105 in
942 3055 1115 3105 vafibus

156 3122 324 3190 positos
342 3125 611 3174 recondendi
632 3161 646 3182 ,
671 3124 773 3174 satis
789 3128 967 3176 elicitur
985 3126 1007 3175 ἐ
1032 3132 1120 3177 Ve-

156 3207 307 3241 terum
328 3197 569 3244 Furiorum
592 3193 797 3263 sepulcro
813 3232 827 3254 ,
857 3199 903 3245 in
923 3201 1121 3248 Monte„

156 3261 423 3315 Tusculano
453 3266 632 3316 dete<5³r0
661 3285 778 3316 anno
813 3277 960 3332 1665.
994 3270 1120 3336 quod

1235 2777 1444 2840 Denique
1461 2773 1562 2822 satis
1582 2810 1595 2832 ‚
1630 2773 1846 2840 superque
1873 2776 1916 2821 in
1947 2791 2047 2821 mea
2066 2771 2137 2821 fir*

1168 2861 1272 2894 mor
1311 2843 1526 2892 sententia
1558 2880 1573 2900 ‚
1611 2844 1720 2892 dum
1750 2858 1913 2911 reputo
1945 2846 2136 2891 omnino

1167 2914 1362 2964 eundem
1394 2911 1478 2962 esse
1515 2913 1747 2981 Opificem
1777 2949 1791 2970 ,
1836 2929 1928 2962 tam
1963 2911 2137 2963 Mufivi

1167 2988 1317 3053 operis
1335 3021 1349 3041 ,
1376 2986 1513 3050 quam
1540 2987 1676 3033 etiam
1700 3003 1814 3032 arcae
1841 3002 2105 3033 marmoreae
2121 3019 2137 3042 ,

1170 3071 1221 3104 ut
1239 3074 1291 3104 ex
1308 3054 1560 3124 figurarum
1597 3052 1907 3104 uniformitate
1928 3056 2107 3103 deduco
2121 3090 2136 3112 ,

1170 3145 1256 3192 qua
1273 3126 1327 3174 de
1357 3144 1403 3173 re
1422 3125 1528 3175 cum
1560 3128 1706 3193 operis
1731 3125 1905 3174 Mufivi
1923 3161 1936 3183 ,
1964 3125 2010 3175 ὅ(
2027 3144 2137 3173 arcae

1172 3200 1424 3264 imagines,
1456 3211 1611 3263 utpote
1643 3198 1942 3264 elegantiores
1962 3231 1976 3252 ‚
2014 3197 2139 3242 alia...

1171 3282 1378 3336 tempora
1407 3265 1579 3336 sapiant
1602 3302 1617 3325 ‚
1649 3269 1787 3334 quam
1819 3265 2138 3323 Constantini,

1923 3354 2069 3402 neque
