2331 3585
720 235 1239 288 CAPUT
1395 232 1503 282 IV.
1996 259 2065 297 99

150 336 226 381 vit
243 365 257 387 ,
286 345 331 377 ar
354 344 429 395 per
454 346 601 376 omnem
631 326 882 374 hebdomada
899 326 1146 392 sabbathoA
1169 324 1225 374 ad
1251 321 1490 374 Basilicam
1514 321 1851 371 confluentibus
1881 318 2137 389 suppedita-

152 404 219 451 aie
255 415 376 448 exeat
416 400 592 449 Licania
631 398 688 446 ad
719 398 771 446 B.
795 398 1116 463 Apollinarem,
1169 396 1278 445 bant
1295 397 1594 444 alimentum.

155 481 209 523 ὅ
239 473 297 520 ad
319 471 375 520 B.
395 469 529 519 Petrai
542 469 779 536 Apostolum
798 505 812 526 ‚
827 488 912 517 cum
930 472 1116 532 hymnis,
1239 470 1351 516 Non
1374 466 1509 535 longe
1530 465 1584 513 ab
1603 464 1684 511 hac
1706 461 2017 520 Ecclefia,alia
2034 463 2137 511 ade-

158 561 196 592 c5
223 547 370 592 caricis
391 543 566 609 populus
583 544 710 589 omnis
727 559 933 588 occurrere
956 541 1114 588 debeat.
1169 552 1240 587 rat
1260 536 1338 586 sub
1371 537 1745 586 denominatione
1778 538 1824 582 S.
1844 535 2003 582 Mariae
2033 537 2136 583 Vir-

228 619 275 665 ii.
368 629 530 662 uatuor
570 630 825 660 marmorea
866 614 1074 659 meniana
1101 647 1115 668 ‚
1169 612 1441 679 gariorum,
1476 611 1522 656 in
1548 610 1674 669 cujus
1692 603 1934 672 conspeciu
1961 608 2138 655 Canto·

160 706 258 754 quae
277 688 302 734 a
318 685 477 751 Xysto
497 688 588 736 lv.
607 682 654 733 ὅ(
676 684 946 731 Innocentio
965 686 1118 731 VIII.
1171 699 1276 729 rum
1292 678 1443 729 schola
1465 679 1637 728 leffium
1655 681 1716 725 D.
1736 679 1894 743 Papae,
1915 676 1970 723 ad
1986 674 2136 726 Basili-

161 760 392 813 inchoata,
414 756 468 804 ab
487 755 752 805 Alexandro
772 751 1006 802 Vquere
1024 771 1120 821 per·
1172 769 1276 801 cam
1310 748 1698 820 proceffionaliter
1733 747 1966 795 accedenti
2005 782 2020 803 ,
2062 766 2136 816 pa-

160 828 277 878 fe&a
295 865 305 877 .
342 833 456 878 Haec
482 828 676 893 quinque
702 824 955 892 parastratis
973 844 1119 874 cum„
1171 823 1302 872 rabat
1321 860 1332 872 .

161 901 390 948 columnis
423 899 690 946 marmoreis
724 894 1083 945 sustentabantur
1103 932 1119 954 ,
1242 898 1333 945 Pro
1351 895 1482 959 hujus
1501 890 1821 942 dissertationis
1848 906 2017 937 corona
2035 926 2052 948 ‚
2083 907 2134 937 ac

161 987 300 1037 atque
325 970 426 1019 inde
456 969 654 1017 Romani
683 965 924 1016 Pontifices
950 969 993 1015 in
1014 986 1122 1034 prae-
1174 980 1225 1016 ut
1252 968 1392 1014 etiam
1424 966 1570 1034 magis
1588 976 1802 1031 appareat
1821 958 1958 1009 nostri
1984 962 2137 1027 Impe-

160 1044 305 1108 cipuis
319 1077 334 1098 ‚
368 1060 419 1088 ac
446 1037 775 1088 solennioribus
804 1037 1159 1111 festivitatibusB
1175 1039 1337 1087 ratoris
1355 1036 1640 1087 Constantini
1660 1071 1675 1092 ‚
1705 1048 1812 1101 erga
1829 1030 2037 1080 eamdem
2056 1036 2138 1081 Ba-

160 1113 350 1161 adstanti
370 1113 540 1179 populo
569 1109 928 1158 benediciionem
954 1112 1120 1177 impar-
1171 1108 1348 1158 filicam
1379 1108 1626 1156 liberalitas
1645 1142 1658 1163 ,
1685 1105 1874 1152 donaria
1892 1102 1946 1151 ab
1963 1101 2058 1170 ipso
2081 1105 2139 1150 ei-

160 1186 246 1231 tire
281 1182 488 1231 solebant
512 1219 522 1229 .
559 1184 773 1229 Meniana
812 1182 903 1228 haec
933 1180 1121 1230 demon·
1169 1181 1273 1228 dem
1307 1178 1506 1228 Bafilicae
1535 1176 1651 1226 fasta
1680 1175 1752 1223 hic
1771 1174 1985 1223 ducimus
2003 1192 2139 1222 anne-

159 1251 561 1319 strantursuprain
579 1252 696 1301 Tab.
718 1255 841 1300 XII.
861 1252 930 1299 lit.
952 1256 1012 1301 C.
1173 1251 1326 1308 fiere,
1355 1265 1491 1317 prout
1519 1251 1561 1312 in
1597 1247 1734 1297 Libro
1770 1243 2029 1295 Pontificali
2047 1280 2062 1302 ,
2089 1244 2138 1295 ὅ(

227 1324 321 1373 kk.
352 1326 497 1390 Juxta
519 1359 533 1380 ,
562 1321 609 1372 ὃς
640 1338 762 1371 extra
780 1325 1013 1390 porticum
1034 1326 1118 1372 in„
1172 1327 1219 1373 S.
1241 1320 1464 1385 Sylvestri
1485 1318 1580 1367 vita
1596 1316 2133 1374 enarrantur,videlicet.

160 1398 330 1465 angulo
364 1396 420 1444 ad
454 1396 732 1461 Aquilonem
763 1394 1032 1443 occurrebat
1061 1393 1121 1442 fa·
1243 1392 1401 1457 Corpus
1435 1391 1478 1440 S.
1510 1391 1627 1439 Petri
1656 1389 1885 1437 reconclzdz't
1912 1424 1927 1445 ,
1973 1387 2137 1454 ipfitnL,

161 1470 280 1524 cies,
307 1464 397 1515 five
421 1464 544 1514 frons
573 1466 728 1514 Palatii
753 1463 1012 1531 Apostolici
1030 1503 1045 1523 ,
1075 1468 1119 1513 in
1171 1463 1347 1512 loculum
1389 1464 1563 1531 undique
1597 1482 1649 1509 ex
1688 1480 1762 1507 aere
1792 1460 1950 1524 Cyprio
1981 1460 2139 1507 conclu·

160 1556 248 1604 qua
279 1540 346 1586 lit.
380 1536 473 1585 kk.
514 1539 684 1604 regiam
717 1536 913 1600 ejusdem
958 1538 1119 1585 Palatii
1154 1535 1221 1602 stc
1240 1570 1254 1591 ,
1287 1536 1398 1602 qaod
1424 1535 1474 1600 est
1500 1533 1738 1581 zmmobile.
1768 1531 1847 1579 Ad
1869 1545 1989 1595 caput
2013 1530 2138 1595 pedes

152 1614 343 1673 januam
378 1607 433 1656 ab
468 1609 740 1656 Innocentio
769 1610 920 1656 VIII.
948 1607 1119 1656 restitu-
1169 1610 1344 1674 quiaque
1373 1642 1388 1664 ‚
1424 1607 1480 1654 ad
1501 1605 1623 1672 pedes
1649 1604 1769 1668 pedes
1793 1606 1970 1670 quinque
1997 1637 2007 1649 .
2065 1601 2147 1650 Ad

160 1694 287 1736 tam,
314 1677 579 1744 eximiisque
604 1676 937 1735 marmoribus,
963 1698 1016 1726 ac
1045 1698 1120 1727 va-
1168 1678 1281 1724 latas
1320 1679 1514 1726 dextrum
1546 1676 1669 1742 pedes
1707 1693 1751 1737 5.
1789 1673 1866 1722 Aa'
1895 1675 2006 1720 lacus
2027 1671 2140 1739 fini·

160 1753 237 1800 riis
253 1752 474 1798 caelaturis
491 1765 698 1797 ornatam
727 1748 1004 1796 demonstrat
1023 1784 1036 1806 ,
1071 1767 1120 1798 ut
1158 1749 1288 1812 stram
1313 1750 1432 1812 pedes
1463 1752 1639 1816 quinque
1659 1767 1672 1804 3
1690 1744 1841 1811 fitbtas
1869 1745 1992 1809 pedes
2020 1748 2135 1811 quin·

160 1821 315 1871 videre
338 1819 400 1868 est
425 1823 466 1868 in
487 1819 608 1868 dits'ta
630 1819 746 1869 Tab.
769 1823 891 1868 XII.
914 1822 980 1868 lit.
1003 1824 1062 1868 D.
1117 1822 1241 1886 ane
1270 1855 1285 1876 ‚
1315 1820 1447 1885 fizpra
1476 1819 1599 1884 pedes
1628 1821 1804 1884 quinque
1820 1852 1831 1864 .
1867 1814 1939 1863 Sic
1971 1814 2136 1883 incltfic

227 1894 279 1941 ll.
320 1889 573 1940 Ascensum
591 1892 646 1940 ad
666 1888 903 1939 Basilicam
920 1908 1001 1958 per
1017 1906 1117 1959 gra·
1168 1905 1305 1955 corpus
1326 1889 1380 1938 B.
1405 1891 1525 1939 Petri
1543 1889 1730 1954 Apostoli
1750 1924 1766 1945 ‚
1795 1893 1847 1936 &5
1865 1886 2099 1935 recondidit
2117 1923 2134 1944 ‚

159 1963 243 2013 dus
262 1982 285 2025 3
298 1980 640 2026 5.marmoreos
661 1964 704 2009 in
723 1964 921 2028 quinque
936 1962 1116 2010 ordines
1169 1967 1221 2009 &
1260 1966 1435 2012 ornavit
1491 1976 1593 2025 upra
1612 1979 1665 2007 ex
1703 1960 1900 2006 columnis
1936 1957 2134 2023 Porphy-

159 2034 393 2084 distinZIos
432 2032 625 2082 ostendit
644 2069 659 2091 ,
693 2050 894 2100 quorum
927 2035 1063 2101 primi
1092 2034 1116 2080 a
1167 2036 1310 2080 recisis
1327 2069 1341 2090 ,
1368 2039 1422 2081 ξς·
1442 2033 1550 2080 alias
1569 2032 1781 2080 columnas
1798 2033 2018 2086 vitineas,
2035 2047 2135 2096 quas

158 2105 463 2157 Constantino
497 2109 673 2175 Magno
706 2105 903 2153 extructi
923 2141 937 2162 ,
968 2104 1115 2172 postea
1165 2103 1214 2151 a'e
1248 2104 1411 2153 Graecia
1442 2104 1645 2168 perduxit
1671 2139 1682 2150 .
1729 2102 1850 2150 Fecit
1877 2116 2045 2156 autem,
2081 2107 2134 2147 εἴ

158 2180 184 2226 a
201 2178 488 2242 Symmacho
503 2179 622 2243 Papa
639 2174 1112 2242 amplificati3demum
1165 2192 1365 2223 cameram
1417 2174 1606 2242 Bafilt'cae
1664 2189 1894 2221 extremam
1948 2191 2000 2219 ex
2036 2189 2135 2218 aare·

160 2250 184 2297 ἃ
211 2251 291 2297 Pio
310 2252 380 2297 Il.
410 2246 463 2295 eo
494 2247 617 2313 quod
635 2246 692 2294 ob
711 2249 901 2295 nimiam
920 2247 1115 2297 vetusta·
1151 2244 1391 2313 fizlgentem
1409 2247 1541 2313 sttpra
1561 2260 1702 2310 corpus
1737 2244 1791 2293 B.
1827 2242 1976 2299 Petri,
2003 2243 2135 2308 fitpra

158 2334 252 2368 tem
280 2316 436 2385 dilapsi
460 2317 703 2375 effent,non
720 2320 924 2367 renovati
946 2318 1117 2368 solum-
1167 2335 1216 2364 aes
1244 2319 1346 2365 unde
1369 2318 1592 2385 conclusam
1624 2318 1676 2382 est
1694 2353 1704 2363 .
1740 2316 1859 2363 Fecit
1889 2333 2044 2361 crucem
2079 2331 2134 2360 ex

157 2389 326 2446 modo,
349 2388 575 2437 sedetiam
595 2388 832 2456 producti,
861 2389 1114 2457 extenfique
1167 2406 1266 2435 auro
1295 2389 1509 2454 purzffimo
1536 2389 1769 2455 pefistmcem
1809 2386 1943 2434 libras
1974 2401 2132 2432 centum

157 2460 289 2509 fuere
307 2459 364 2508 ad
387 2459 895 2527 Aquilonem,appositis
923 2481 973 2510 ex
997 2477 1115 2511 utra-
1168 2463 1468 2528 quinquaginta
1502 2498 1512 2508 .
1568 2459 1620 2508 In
1651 2459 1874 2525 menfitram
1917 2457 2028 2512 loci,
2061 2455 2133 2503 ubi

157 2551 243 2597 que
283 2534 469 2579 illorum
509 2545 638 2597 parte
672 2535 751 2580 SS.
783 2531 1112 2598 Apostolorum
1160 2531 1363 2596 scriplum
1390 2534 1440 2597 cst
1467 2533 1567 2579 hoc:
1599 2531 1883 2596 Constantinus
1905 2527 2131 2595 Augustus,

159 2605 298 2659 Petri,
316 2602 362 2651 ὃ(
383 2604 510 2651 Pauli
531 2600 685 2650 statuis
703 2606 970 2652 marmoreis
985 2640 999 2661 ,
1016 2580 1219 2672 quaeD&
1265 2602 1423 2651 Helena
1461 2603 1647 2670 Augusta
1674 2603 1778 2649 hanc
1809 2599 1968 2648 domam
1996 2599 2134 2665 regali

157 2675 295 2721 etiarn
315 2672 372 2720 ad
389 2670 574 2738 praesens
597 2688 844 2722 cernuntur
863 2709 877 2730 ,
913 2690 962 2723 ut
985 2694 1117 2743 appa·
1151 2673 1294 2740 simili
1311 2674 1484 2742 fulgore
1519 2673 1727 2738 coruscans
1761 2672 1857 2718 aula
1889 2670 2129 2727 circundat3

155 2759 226 2792 ret
243 2745 283 2790 in
302 2745 437 2791 relata
453 2742 966 2794 Tab.XII.lit.H.I.De
985 2746 1116 2809 hujus
1155 2744 1362 2810 scriptam
1384 2765 1437 2792 ex
1455 2747 1596 2792 literis
1607 2747 1727 2809 paris
1746 2742 1910 2810 argillis
1925 2744 1969 2788 in
1987 2759 2103 2788 cruce
2116 2777 2126 2787 .

153 2814 283 2863 modi
303 2812 523 2861 scalarum
542 2812 722 2863 ascensu
748 2814 1002 2864 devotionis
1020 2833 1118 2885 gra·
1168 2815 1287 2862 Fecit
1321 2834 1454 2863 autern
1493 2814 1738 2862 candelabra
1768 2811 2014 2860 aurochalca
2043 2815 2129 2860 in„

154 2885 217 2935 tia
238 2885 435 2933 diximus
458 2882 619 2950 supra,
650 2899 893 2952 antequam
913 2887 968 2934 de
984 2889 1115 2935 altari
1162 2885 1334 2951 pedibas
1386 2904 1462 2934 10.
1515 2904 1677 2932 numero
1734 2900 1908 2951 quatuor
1961 2899 2128 2951 argento

156 2958 317 3019 majori
340 2959 386 3004 S.
404 2957 523 3004 Petri
544 2952 796 3003 sermonem
816 2957 1084 3022 haberemus
1103 2993 1113 3003 .
1166 2955 1352 3021 concluſsz‘
1372 2992 1386 3013 ‚
1423 2975 1511 3003 cum
1524 2956 1692 3023 figillis
1717 2958 1925 3022 argenteis
1948 2972 1959 2984 ·
1994 2954 2129 3003 AHus

222 3045 334 3074 mm.
377 3024 573 3075 Ecclesia
591 3061 605 3083 ,
636 3023 731 3074 five
753 3028 1113 3076 Xenodochium
1166 3026 1450 3092 Apostolorum
1470 3064 1485 3084 ,
1511 3026 1843 3094 perfitmsz'ngali
1856 3025 1990 3074 libras
2010 3045 2126 3088 300.

154 3101 203 3148 S.
236 3099 454 3165 Gregorii
483 3099 528 3144 in
563 3098 746 3153 Platea,
778 3096 868 3145 five
885 3098 941 3146 de
961 3101 1113 3147 Corti-
1165 3099 1330 3147 Calices
1359 3117 1500 3146 aureos
1528 3115 1614 3145 cres
1642 3116 1730 3145 cam
1755 3102 1928 3165 gemmis
1949 3097 2128 3164 prefinis

154 3190 211 3220 na
228 3204 243 3226 ,
281 3169 325 3214 in
352 3186 440 3235 qua
467 3171 695 3217 Cantores
715 3167 914 3218 Bafilicae
945 3170 1114 3218 habita-
1163 3176 1217 3218 ὅ
1236 3170 1525 3233 hyacinthinis
1528 3168 1693 3236 stagulz'
1709 3205 1723 3226 ,
1763 3169 1996 3237 qaihabent
2011 3187 2128 3234 gem-

153 3241 264 3290 bant
283 3274 297 3296 ,
328 3255 500 3286 necnon
525 3237 750 3296 ministri,
777 3242 853 3306 qui
883 3257 938 3288 ex
957 3242 1111 3289 Ponti-
1162 3258 1250 3288 mas
1267 3257 1350 3302 45.
1365 3240 1480 3307 pens
1492 3240 1607 3307 stag.
1627 3240 1705 3288 lib.
1729 3259 1805 3289 12.
1826 3238 2039 3288 Mecretas
2059 3255 2127 3284 ar-

153 3312 249 3361 ficis
268 3310 428 3359 aerario
443 3312 723 3377 Peregrinis‚
743 3309 1110 3378 Pauperibusque
1159 3327 1328 3379 genteas
1350 3331 1394 3360 2.
1417 3311 1530 3378 penfi
1556 3305 1632 3360 lib·
1658 3330 1775 3359 200.
1806 3310 1967 3359 Calices
1986 3326 2126 3374 argen-

1699 3385 1749 3431 N
1798 3400 1823 3429 2
1969 3395 2056 3428 teos
