2331 3585
206 219 274 268 70
483 197 606 250 DE
697 197 1097 252 5246st
1163 197 1784 253 'AEDJFJCIIS

135 289 386 358 occupavit
406 291 769 359 SacrariiJanua
784 327 798 348 ,
818 309 955 358 quam
972 290 1107 339 habes
1124 290 1303 359 Aprope
1324 290 1678 350 Bafilicaefinem
1693 329 1710 351 ,
1738 290 1819 342 sub
1839 292 2043 342 lateritio
2074 290 2138 342 se·

135 379 266 412 num.
279 380 358 420 79.
382 359 430 410 &
450 364 493 408 in
509 361 691 412 Tabula
716 364 890 413 XXII.
916 360 996 411 sub
1012 363 1111 411 lite·
1161 363 1324 429 pulcro
1341 362 1596 431 depositum
1615 363 1705 414 fuit
1724 381 1888 432 corpus
1909 368 1962 413 B.
1980 366 2048 413 Pii
2069 367 2133 413 V.

134 452 185 481 ra
203 436 253 481 F.
274 429 412 480 illaeso
433 428 640 500 sepulcro
660 435 876 498 Gregorii
899 436 961 482 V.
998 449 1048 482 ut
1065 435 1110 481 in
1163 448 1215 481 ut
1241 452 1368 482 num.
1390 437 1468 485 82.
1499 436 1626 502 quod
1665 435 1960 504 postmodum
1992 437 2038 483 in
2063 436 2135 483 Li-

137 502 298 552 eadem
315 502 498 552 Tabula
516 506 643 553 lit.E.
661 505 786 571 quod
805 502 942 552 hodie
961 502 1108 553 serva·
1161 503 1389 553 berianam
1409 504 1600 556 Bafilica
1627 505 1934 576 augustiffima
1961 503 2135 574 pompa

135 588 210 624 tur
228 571 309 622 sub
330 570 502 623 fornice
522 576 630 623 novi
648 576 918 643 pavimenti,
939 576 1105 624 reliffis
1157 575 1183 622 ὲ
1203 575 1359 641 Xysto
1376 581 1438 627 V.
1470 581 1667 628 Summo
1696 576 1917 628 Pontifice
1952 576 2134 626 transsa-

133 662 319 712 quoque
341 642 520 694 duobus
538 647 636 694 aliis
655 683 670 703 ,
697 647 868 715 Pelagii
887 649 928 694 Ι.
951 643 998 695 8(
1025 648 1111 696 Bo·
1161 660 1266 695 tum
1290 682 1305 704 ,
1334 647 1410 698 ubi
1438 649 1483 696 in
1509 647 1672 699 sacello
1701 649 1757 698 ab
1789 647 1953 698 eodem
1975 647 2132 714 Xysto

136 713 288 763 nifacii
311 717 411 763 ΙΙΙ.
441 730 491 765 ut
509 735 562 764 ex
583 714 876 785 inscriptione
891 734 1031 768 muro
1047 715 1111 768 af—
1159 715 1604 788 magnificentiffime
1630 719 1891 770 constructo
1918 755 1933 777 ,
1970 721 2132 768 recoli-

136 784 227 835 fixa
245 787 405 853 colligi
429 785 602 855 potest.
1162 801 1239 838 tur
1261 826 1273 837 .

208 859 291 905 80.
349 859 692 926 Gregorianum
721 857 982 925 sepulcrum
1022 861 1109 909 in„
1232 863 1313 923 83.
1360 861 1520 910 Aliam
1549 880 1734 930 quoque
1775 862 2023 911 lateritiam
2062 877 2136 909 ur-

131 931 362 996 parietum
383 927 603 987 craffide,
622 927 890 996 sequebatur
904 928 1108 981 absidula
1159 948 1266 980 nam
1295 931 1320 979 ὲ
1348 929 1579 1000 superiore
1606 931 1741 1000 paulo
1772 931 2011 981 distantem
2031 968 2046 988 ,
2082 945 2135 979 ut

135 1017 245 1048 cum
266 1000 397 1048 altari
420 1001 464 1047 in
484 1017 562 1048 nu.
584 1003 666 1048 80.
705 1001 831 1068 quod
852 998 971 1053 forte
990 1005 1109 1052 Gre-
1128 1021 1289 1083 Bnum.
1313 1004 1393 1065 83.
1420 1001 1493 1051 sed
1522 1005 1567 1051 in
1593 1004 1752 1053 eadem
1771 1018 1898 1071 parte
1916 1003 2101 1070 parietis
2118 1037 2133 1061 ,

133 1072 294 1140 gorius
311 1071 562 1119 IV.erexit
579 1071 623 1119 in
643 1073 825 1121 cultum
837 1073 1110 1125 B.Sebastia—
1161 1074 1217 1123 ad
1239 1088 1421 1141 tempus
1441 1073 1826 1142 habuere,Julius
1846 1078 1946 1123 III.
1970 1072 2017 1123 ὃ(
2034 1076 2130 1123 Ha-

134 1143 216 1190 ni.
251 1140 432 1193 Verum
462 1144 525 1190 ita
558 1144 793 1202 excoluit,
824 1158 877 1193 ut
908 1143 1108 1207 ejusdem
1162 1145 1347 1193 drianus
1372 1148 1467 1194 VI.
1499 1161 1550 1194 ut
1582 1144 1754 1194 scilicet
1782 1144 1885 1194 inde
1915 1142 2134 1213 asportati

133 1213 214 1261 vix
248 1225 383 1261 tenue
415 1210 662 1281 vestigium
703 1215 747 1262 in
780 1218 903 1265 muri
932 1215 1110 1283 praefati
1162 1215 1269 1264 alibi
1289 1216 1693 1284 locarentur.Julii
1712 1217 1967 1264 lateritium
1984 1231 2138 1263 tumu-

132 1281 439 1333 demolitione
460 1286 644 1351 reperiri
663 1287 896 1353 potuerit,
926 1304 1033 1336 cum
1066 1292 1109 1337 in
1165 1290 1265 1336 lum
1284 1286 1390 1335 vide
1411 1288 1454 1334 in
1474 1286 1596 1337 dicsta
1611 1286 1792 1337 Tabula
1805 1283 2066 1336 XXII.sub
2084 1287 2133 1333 li-

134 1352 348 1404 Ecclefiae
409 1353 757 1405 inservientium
810 1360 1113 1408 commodita·
1163 1372 1260 1407 tera
1276 1361 1335 1407 C.
1358 1357 1588 1408 Hadriani
1608 1357 1720 1407 vero
1739 1357 1935 1407 cadaver
1951 1393 1967 1415 ‚
1988 1357 2034 1404 in
2053 1359 2137 1405 Ec-

136 1439 232 1474 tem
254 1443 407 1474 recens
425 1426 575 1475 aditus
590 1441 773 1495 apertus
792 1425 939 1478 fuisset
956 1465 970 1487 ,
992 1430 1112 1479 unde
1164 1427 1351 1477 clefiam
1384 1432 1431 1477 S.
1451 1431 1612 1479 Mariae
1642 1428 1697 1478 de
1721 1431 1892 1479 Anima
1928 1428 2135 1478 denomi-

134 1498 254 1545 inter
270 1496 328 1544 ad
346 1498 625 1546 Oratorium
645 1495 748 1547 esset
765 1534 780 1557 ,
799 1499 998 1549 exterius
1018 1503 1113 1568 qui·
1163 1514 1318 1548 natam
1333 1535 1348 1557 ,
1367 1502 1639 1549 translatum
1659 1497 1769 1549 fuit.

135 1567 264 1625 dem,
282 1565 355 1614 sed
373 1566 580 1630 adjacens
601 1571 776 1636 templo
797 1571 1111 1629 maximo,ubi
1238 1573 1320 1631 84.
1371 1574 1428 1619 In
1462 1573 1626 1620 ultimo
1653 1586 1805 1620 autem
1836 1570 1965 1632 hujus
2001 1569 2131 1617 navis

135 1639 252 1687 olim
282 1638 660 1707 Sanctimoniales
698 1640 841 1709 vulgo
875 1641 996 1692 dicta
1032 1644 1112 1693 Ιε..
1162 1643 1334 1710 angulo
1365 1641 1636 1691 Constantia
1672 1642 2012 1691 Piccolominea
2058 1640 2138 1689 hu-

133 1707 319 1760 Mttmte
337 1709 382 1757 di
402 1710 445 1757 S.
472 1710 615 1758 Pietro
633 1746 647 1767 ,
670 1711 832 1759 clausae
849 1712 1076 1781 degebant
1094 1748 1110 1770 ‚
1163 1726 1287 1759 mata
1313 1707 1404 1759 fuit
1422 1747 1438 1769 ,
1472 1713 1601 1778 eique
1630 1715 1898 1779 proximum
1919 1746 1936 1770 ,
1970 1724 2019 1759 ut
2050 1711 2139 1758 in..

132 1798 231 1848 quae
261 1776 343 1827 sub
369 1777 509 1828 seculi
546 1779 826 1829 sextidecimi
854 1780 992 1831 finem
1025 1785 1111 1831 in..‚
1162 1799 1291 1830 num.
1312 1783 1395 1843 84.
1424 1782 1563 1832 altius
1592 1797 1744 1831 tamen
1778 1785 1822 1831 in
1852 1784 2021 1849 pariete
2040 1794 2137 1831 erat

132 1854 223 1901 alia
243 1849 396 1903 Urbis
415 1850 693 1900 Monasteria
719 1852 935 1900 translata
963 1850 1422 1933 fuere,Csepulcrum
1444 1855 1511 1904 Pii
1534 1856 1604 1903 II.
1625 1853 1748 1920 quod
1779 1855 2001 1902 eximium
2024 1849 2139 1901 illud

133 1921 194 1971 de
211 1921 376 1989 quibus
399 1919 515 1970 infra
545 1921 603 1971 ad
628 1940 874 1972 numerum
903 1932 1016 1987 165.
1046 1924 1109 1973 di·
1163 1925 1342 1972 PiilII.
1358 1927 1533 1990 nepotis
1550 1922 1682 1990 supra
1699 1923 1978 1990 descriptum
1998 1926 2077 1970 n.⁵3
2094 1943 2134 1971 1.

135 2011 315 2042 cemus,
1161 1993 1466 2043 aemulabatur
1486 2031 1497 2042 .
1533 1995 1694 2043 Ambo
1723 1997 1814 2044 haec
1843 1993 2046 2062 sepulcra
2082 1993 2136 2042 ab

211 2067 237 2111 8
253 2084 292 2112 1.
334 2069 483 2132 Prope
501 2065 697 2115 Sacrarii
712 2069 900 2129 januam
916 2102 932 2124 ,
949 2065 1003 2115 de
1024 2084 1110 2133 qua
1164 2065 1435 2112 Alexandro
1460 2064 1702 2114 Cardinali
1719 2067 1954 2114 Montalto
1981 2067 2026 2112 in
2053 2067 2140 2113 Ec-

132 2133 337 2186 diximus
369 2134 500 2203 supra
521 2154 649 2185 num.
669 2156 752 2197 79.
781 2139 923 2186 altera
941 2141 1111 2198 eratja-
1162 2131 1345 2182 cleslam
1380 2138 1425 2184 S.
1449 2135 1651 2184 Andreae
1672 2135 1729 2183 de
1752 2138 1888 2186 Valle
1919 2136 2136 2184 translata

134 2222 299 2264 nua,ut
314 2208 359 2255 in
377 2206 499 2256 dicta
516 2206 700 2256 Tabula
716 2211 891 2258 XXII.
914 2209 1043 2268 litera
1056 2210 1107 2256 Β.
1161 2202 1293 2252 fuere
1315 2225 1328 2262 3
1353 2207 1406 2252 eo
1427 2209 1532 2272 quia
1552 2206 1715 2254 eodem
1738 2209 1782 2254 in
1804 2208 1905 2254 loco
1922 2243 1937 2263 ,
1956 2207 2029 2254 ubi
2055 2209 2140 2254 Ec-

134 2295 234 2345 quae
274 2278 554 2327 concedebat
586 2275 832 2347 ingressum
874 2278 933 2326 ad
967 2296 1112 2327 carne-
1164 2273 1295 2323 clesia
1312 2273 1496 2343 praefata
1527 2277 1581 2326 ab
1598 2276 1758 2326 eodem
1780 2276 2017 2326 Cardinali
2047 2295 2139 2326 ma·

136 2366 235 2397 ram
263 2350 465 2416 amplam
499 2346 774 2398 fornicatam
799 2384 818 2406 ,
845 2349 955 2398 licet
982 2367 1112 2399 non„
1164 2343 1536 2414 gnificentiffime
1574 2347 1828 2397 constructa
1869 2345 1987 2404 fuit,
2026 2350 2136 2396 Illu-

134 2420 368 2488 integram
393 2455 408 2476 ,
453 2418 509 2468 ad
548 2417 702 2486 scopas
730 2455 745 2478 ,
792 2421 972 2487 aliaque
1007 2439 1113 2469 con-
1163 2414 1382 2467 striffimae
1437 2420 1892 2469 Piccolomineorurn
1950 2416 2136 2468 familiae

135 2489 285 2539 denda
313 2492 563 2559 lignamina
582 2526 596 2548 ,
631 2491 743 2538 olim
772 2492 1014 2557 antiquum
1039 2496 1116 2542 Sa·
1164 2502 1265 2537 erat
1300 2490 1527 2538 Palatium
1555 2525 1570 2547 ,
1610 2491 1858 2557 Plateaque
1890 2489 1967 2537 illa
1989 2523 2004 2547 ‚
2039 2506 2138 2554 quae

136 2563 340 2610 crarium
369 2597 384 2619 ,
412 2577 513 2610 ante
550 2560 674 2628 quod
705 2561 786 2611 diu
816 2565 864 2612 S.
888 2564 1111 2632 Gregorii
1170 2575 1274 2609 ante
1297 2558 1495 2622 ejusdem
1521 2561 1687 2628 templi
1707 2559 1870 2610 faciem
1882 2564 2022 2621 jacet,
2039 2561 2138 2609 Pla-

139 2633 467 2701 Magnijacuit
488 2650 655 2698 corpus
671 2667 681 2678 .
705 2635 868 2701 Januae
886 2633 992 2683 huic
1013 2653 1112 2702 pro·
1127 2646 1239 2700 Dtea
1256 2635 1481 2681 Senarum
1501 2631 1882 2681 denominabatur
1897 2666 1909 2679 .

141 2704 353 2761 ximum‚
382 2720 524 2760 auro,
553 2699 784 2769 Pariisque
799 2706 1110 2756 marmoribus
1244 2705 1326 2763 85.
1367 2702 1444 2752 Ab
1463 2703 1632 2752 horum
1652 2699 1964 2770 sepulcrorum
1991 2698 2141 2750 fronte

141 2775 281 2822 nituit
301 2771 560 2842 sepulcrum
585 2775 652 2822 Pii
673 2777 774 2824 ΙΙΙ.
799 2774 1001 2835 diverso,
1023 2779 1119 2827 cul·
1171 2775 1448 2826 oratorium
1468 2777 1515 2824 S.
1535 2775 1756 2841 Gregorii
1774 2775 1941 2841 Magni
1960 2786 2070 2829 erat,
2087 2785 2140 2821 ut

143 2843 406 2910 tiffimoque
434 2842 675 2911 sculpturae
699 2862 865 2916 genere
890 2866 1013 2912 aeque
1043 2867 1121 2898 no·
1170 2864 1299 2895 num.
1320 2849 1402 2909 85.
1435 2843 1561 2911 quod
1585 2845 1627 2893 ei
1644 2846 1901 2912 Gregorius
1919 2846 2010 2892 IV.
2050 2843 2137 2889 exi-

146 2913 238 2962 bile
256 2950 267 2961 .
297 2919 404 2977 Ejus
435 2917 667 2981 exemplar
694 2918 839 2966 videri
861 2917 1005 2985 potest
1032 2921 1116 2969 in„
1168 2920 1288 2966 nnius
1317 2918 1470 2966 cultor
1496 2913 1771 2965 Sanstiffimi
1799 2907 2138 2965 Praedccessoris

146 2984 309 3033 eadem
328 2984 509 3035 Tabula
528 2989 704 3036 XXII.
724 2986 803 3037 sub
823 2990 891 3038 lit.
910 2993 970 3038 D.
988 2994 1118 3041 Huic
1169 2987 1344 3037 dicavit
1361 3023 1376 3045 ,
1396 2986 1443 3037 ὃ(
1460 2984 1541 3035 sub
1557 2984 1716 3034 eodem
1735 2983 1939 3053 prae-dicii
1957 2986 2005 3032 S.
2020 2984 2140 3031 Pon·

145 3053 375 3117 subjeclus
395 3056 574 3117 jacebat
596 3057 861 3107 Franciscus
887 3061 1118 3111 Bandinus
1169 3054 2140 3128 tificiscorpus‚urna'iAEgyptiacimarmoris

148 3127 514 3176 Piccolomineus
545 3131 768 3179 Senatum
803 3131 1120 3201 Archiepisco-
1169 3133 1294 3180 mirae
1323 3127 1637 3197 amplitudinis
1662 3123 1892 3175 inclusum
1911 3160 1927 3182 ‚
1959 3140 2139 3172 necnon

148 3214 233 3265 Pus
248 3233 259 3244 ·
1171 3200 1374 3251 trabibus
1391 3198 1573 3250 ferratis
1592 3195 1768 3247 munita
1786 3193 2138 3245 venerabundus

226 3270 308 3316 82.
348 3265 494 3318 Paulo
514 3266 702 3321 inferius
735 3270 899 3322 eodem
931 3273 1119 3336 ordine,
1170 3270 1393 3343 reposuit,
1407 3272 1566 3322 multis
1580 3287 1661 3341 per
1681 3265 1897 3320 sacellum
1919 3263 2139 3343 altaribus

1952 3351 2071 3384 exci-
