2331 3585
317 164 407 208 150
600 137 1895 196 DESACRISAEDIFICIIS

238 228 497 295 gnificentia
538 230 666 280 addit
702 232 913 281 laudatus
949 232 1169 285 Eusebius
1189 232 1483 291 ,ABechleem
1513 253 1667 302 quoque
1697 240 1741 282 in
1763 235 1962 300 spelunca
1984 268 2000 290 ,
2037 237 2082 280 in
2110 240 2233 302 qud-,0

238 317 335 365 quae
354 300 588 350 brevitatis
605 304 752 370 gratia
771 306 1202 365 omittuntur,cum
1254 306 1451 371 Christus
1480 306 1703 369 stcunditm
1753 324 1913 352 carmen
1962 321 2083 352 natus
2132 308 2183 372 cst
2213 343 2227 363 ‚

237 370 356 439 apud
376 372 579 422 eundem
597 376 689 442 legi
711 375 899 442 possint.
1257 379 1432 424 alteram
1470 377 1716 440 Ecclesmm,
1746 381 1883 438 priore
1912 375 1995 423 illa}
2026 378 2238 444 haudqua-

1260 466 1378 514 quam
1404 445 1642 513 inferiorem
1660 483 1675 504 ,
1707 463 1910 494 extruxzt
1928 485 1938 495 .
1980 451 2126 496 Pauca
2150 450 2234 511 hec

1259 535 1312 566 ex
1344 521 1538 583 antiquis
1565 516 1683 565 hisce
1713 518 2022 585 Scriptoribus
2059 521 2236 566 haurire

1260 592 1518 656 potuimus.
1560 592 1627 636 At
1664 586 2006 655 supralaudatus
2037 588 2237 655 Qares-

1260 661 1379 708 mius
1407 662 1452 706 in
1475 658 1549 706 sua
1566 662 1883 707 Elucidatione
1900 662 2046 723 Terre
2067 662 2230 723 Sancte

1259 731 1404 779 Tom.
1427 749 1471 776 2.
1494 731 1574 778 lib.
1604 739 1653 776 6.
1678 748 1775 796 cap.
1800 740 1850 777 6.
1879 728 1925 779 ὃς
1957 728 2075 797 seqq.
2109 734 2236 780 Pere-

1259 803 1430 868 grinat.
1465 819 1508 847 2.
1550 800 1748 862 ejusdem
1789 799 1994 850 Ecclesiae
2029 800 2234 850 statum-2

379 884 636 918 ERTASSE
686 871 803 920 inter
833 872 874 920 se
906 872 1075 922 diceres
1111 874 1207 921 He·
1260 870 1441 938 copiose
1459 869 1685 919 describit.
1726 869 1874 938 Ipfius
1906 869 2018 918 vero
2054 870 2231 919 aedificii

408 940 553 987 lenam
577 954 770 989 matrem
788 979 803 1000 ,
837 941 884 993 ἀ
904 943 1051 992 filium
1085 947 1207 992 Con·
1257 943 1640 1010 Ichnographiam
1659 977 1674 999 ,
1702 943 2100 1010 Orthographiam
2129 977 2144 999 ,
2163 958 2165 960 ·
2184 940 2232 991 ὃς

233 1008 478 1058 stantinum
512 1013 555 1057 in
588 1010 738 1059 nostra
770 1014 1006 1081 augenda,
1042 997 1238 1061 confir-B
1258 1013 1643 1079 Scenographiam
1693 1009 1825 1061 affert
1874 1008 2086 1079 praefatus
2156 1017 2231 1061 Fr.

232 1080 486 1144 mendaque
517 1082 794 1149 Religione3
825 1083 940 1132 adeo
961 1086 1006 1130 in
1035 1086 1094 1131 eis
1124 1101 1205 1150 pai·
1260 1082 1564 1131 Bernardinus
1599 1084 1793 1132 Amicus
1827 1101 1926 1150 cap.
1966 1102 2005 1130 1.
2033 1083 2081 1133 ὅ(
2103 1081 2225 1151 seqq.

230 1153 373 1216 pietas
400 1184 416 1205 ‚
455 1148 504 1198 ὅ(
529 1150 841 1202 munificentia
859 1190 873 1210 ,
909 1169 1203 1220 caeteraeque,
1254 1171 1427 1201 necnon
1452 1156 1656 1220 Joannes
1686 1153 2001 1212 Zuallardu53
2040 1172 2129 1220 quo
2154 1173 2230 1201 cu-

231 1220 477 1269 Christiani
534 1223 673 1270 animi
728 1222 856 1272 dotes
914 1224 1172 1272 eminebant
1190 1261 1201 1272 .
1254 1224 1388 1292 pidus
1410 1223 1573 1273 Lector
1590 1222 1744 1272 adeat.

234 1288 479 1340 Testantur
508 1292 622 1349 hoc,
652 1309 812 1359 praeter
832 1297 917 1344 alia
934 1331 947 1353 ,
974 1296 1067 1344 duo
1086 1297 1205 1343 illa-³
1327 1298 1440 1344 Haec
1467 1294 1523 1342 de
1542 1296 1672 1356 hujus
1691 1291 1897 1343 Ecclefiae
1932 1291 2200 1342 fundatione
2215 1330 2231 1352 ,

233 1363 525 1428 templa,quae
543 1366 594 1410 B.
611 1366 809 1423 Helena,
827 1369 962 1415 Sacra
986 1365 1205 1430 Palestineg
1258 1383 1376 1414 nunc
1409 1365 1464 1414 ad
1485 1364 1670 1414 Musiva
1687 1383 1822 1431 opera
1841 1401 1857 1421 ,
1890 1362 2129 1423 successive
2161 1384 2230 1413 ea-

235 1433 336 1480 loca
361 1429 555 1480 invisens
574 1469 589 1490 ,
624 1449 677 1482 ut
709 1451 1026 1485 extruerentur
1054 1438 1078 1484 a
1110 1436 1205 1484 filio
1257 1435 1362 1484 dem
1391 1438 1433 1484 in
1463 1432 1662 1485 Ecclesia
1695 1436 1923 1485 elaborata
1950 1471 1965 1493 ,
2003 1435 2230 1484 descendi-

231 1505 431 1552 curavit.
449 1505 621 1552 Unum
639 1506 825 1571 quidem
843 1510 887 1555 in
914 1510 1170 1556 Bethlehem
1189 1542 1206 1564 ,
1256 1525 1358 1554 mus
1376 1543 1390 1563 ,
1413 1509 1690 1572 illorumque
1721 1509 1952 1574 exemplar
1980 1507 2022 1554 in
2059 1525 2231 1555 annexa

401 516 772 567 CAPVT
846 522 1046 568 XXIV.

327 654 397 701 De
430 654 550 704 Eccle
569 675 609 704 za
637 657 917 710 Nativitatis
948 659 1126 708 Domini

512 728 622 793 apud
647 727 908 779 ‘Bethlehem
924 765 936 779 .

233 1574 432 1622 alterum
450 1576 497 1623 in
519 1577 681 1624 Monte
699 1578 955 1627 Olivarum
977 1615 992 1635 ‚
1029 1593 1078 1627 ut
1095 1577 1207 1626 scili·

233 1658 310 1692 cet
352 1662 441 1692 non
489 1647 650 1694 mortis
700 1648 1030 1698 tantummodo
1061 1685 1076 1706 ,
1127 1642 1204 1696 sed

1261 1578 1441 1627 Tabula
1455 1574 2090 1634 XXXIII.referimus,descr
2100 1579 2233 1644 iptio-

1257 1666 1450 1713 nemque
1482 1650 1752 1715 apponimus
1787 1647 1948 1706 brevi,
1981 1666 2072 1714 quo
2117 1650 2232 1697 vale-

229 1717 373 1762 etiam
392 1717 665 1764 Nativitatis
683 1753 697 1774 ,
722 1717 770 1768 8(
801 1718 1084 1767 Ascenfionis
1109 1724 1242 1779 Do-(3
1254 1736 1373 1774 mus,
1390 1718 1528 1782 stylo.

227 1786 407 1834 minicae
422 1787 522 1833 loca
541 1789 810 1853 perennibus
829 1826 843 1847 ,
874 1805 1003 1855 atque
1021 1786 1203 1856 amplifi

223 1853 347 1903 simis
434 1861 742 1906 monumentis
836 1859 1168 1908 illustrarentur
1188 1897 1198 1908 .

228 1927 386 1990 Qam
409 1925 748 1989 edificationem
770 1928 849 1979 sub
871 1948 1043 1979 annum
1083 1940 1198 1992 326.

225 1995 434 2045 accidisse
470 1997 714 2048 deducitur
735 2019 786 2049 ex
811 2004 1008 2050 Baronio
1038 2001 1200 2050 eodem

222 2084 340 2114 anno
369 2086 494 2115 num.
529 2087 608 2128 37.
648 2075 719 2119 De
747 2074 897 2139 primo
926 2074 1066 2140 igitur
1101 2073 1200 2121 aedi-

222 2134 328 2185 ficio
349 2155 468 2186 nunc
488 2137 635 2187 sermo
662 2140 754 2199 est,
785 2142 842 2190 de
874 2162 963 2209 quo
991 2145 1201 2192 laudatus

225 2205 448 2256 Eusebius
478 2211 524 2256 in
556 2211 755 2274 ejusdem
786 2217 1084 2280 Imperatoris
1110 2218 1204 2264 vita

221 2277 302 2326 lib.
326 2297 370 2339 3.
389 2297 485 2346 cap.
515 2298 597 2342 43.
628 2286 781 2349 paucis
804 2300 1043 2333 contentus
1062 2321 1077 2342 ,
1109 2288 1201 2335 haec

220 2363 375 2398 narrat
407 2370 418 2397 :
449 2350 534 2397 Dei
564 2355 839 2418 amantiffi'ma
871 2357 1060 2422 Augusta
1102 2358 1204 2405 Dei-

212 2432 328 2483 pczrae
387 2420 574 2488 Virginis
620 2439 789 2488 partum
841 2432 1010 2474 exis-nm
1063 2448 1201 2476 monu-

220 2493 369 2537 mentis
400 2498 575 2541 ornavit
594 2530 608 2550 ,
628 2495 794 2560 sacram
824 2498 944 2544 illam
960 2499 1199 2564 speluncam

220 2566 329 2608 omni
384 2564 520 2609 custits
575 2584 721 2630 genere
779 2568 1024 2631 illzfimns.

220 2634 349 2678 mult&
395 2633 487 2697 post
541 2633 772 2699 Imperator
812 2640 976 2685 eandem
1019 2640 1196 2686 Domini

223 2699 529 2751 Nativitatem
577 2707 786 2773 regalibus
838 2708 1022 2755 donariis
1072 2711 1194 2757 hono-

224 2777 351 2822 ravit
367 2809 378 2820 .
428 2774 572 2822 Variis
592 2794 646 2823 ex
667 2794 766 2824 auro
787 2813 800 2834 ,
837 2784 889 2825 ὃ
922 2795 1089 2846 argento
1116 2799 1196 2827 mo-

220 2847 424 2906 numentis
450 2880 466 2901 ‚
496 2845 686 2913 ‘velisque
720 2867 793 2895 acu
817 2847 946 2913 piHis
971 2885 985 2907 ,
1025 2847 1196 2898 Matris

208 2913 288 2977 su?
318 2917 524 2963 cumulans
554 2920 898 2983 magnificentiam
929 2957 940 2968 .
984 2925 1192 2970 Socrates

225 2984 333 3030 vero
361 2985 438 3033 lib.
471 3006 510 3034 1.
546 2987 664 3035 Hist.
702 2987 951 3039 Ecclefiast.
974 3009 1072 3059 cap.
1118 3013 1192 3053 17.

223 3051 405 3101 Eusebii
428 3055 697 3105 brevitatem
728 3058 917 3109 sectatus
935 3098 950 3119 ,
979 3060 1037 3109 sic
1054 3059 1190 3111 fatur:

219 3119 374 3170 Mater
420 3131 527 3174 ‘verb
566 3125 864 3192 Imperatoris,
893 3133 1193 3200 posteaquam„

216 3191 445 3260 §dyscstffit
505 3214 663 3245 nov-7m
724 3200 983 3267 Hierustelem
1017 3238 1033 3259 ,
1086 3205 1197 3269 apud

1339 1791 1485 1837 Omni
1530 1804 1736 1855 tempore
1773 1807 1883 1858 erga
1922 1790 2078 1837 locum
2110 1789 2233 1838 hunc

1252 1862 1454 1908 maxima
1482 1858 1568 1908 fuit
1600 1861 1828 1908 Fideliurn
1861 1860 2084 1917 devotio,
2123 1878 2229 1910 nam

1252 1931 1444 1980 Sanctus
1462 1929 1548 1988 est,
1570 1929 1620 1981 ὃς
1639 1936 1820 1980 Domus
1849 1934 1938 1980 Dei
1960 1962 1973 1984 ‚
2005 1932 2233 1998 Portaque

1255 2003 1494 2063 Coel'ijure
1519 2000 1642 2050 afferi
1665 2003 1817 2060 valet3
1849 2003 2067 2068 quoniam
2091 2005 2136 2050 in
2171 2010 2225 2051 ‘eo

1257 2073 1443 2121 humani
1481 2074 1654 2141 generis
1686 2072 2007 2141 Redemptor,
2045 2075 2230 2122 mortali
2284 2126 2287 2129 ,

1258 2161 1387 2192 carne
1405 2141 1625 2210 assumpta
1644 2179 1657 2199 ‚
1675 2142 1826 2210 primo
1846 2145 1995 2191 lucem
2013 2143 2154 2202 vidit3
2173 2143 2232 2191 ad

1258 2213 1335 2262 ista
1359 2215 1480 2262 enim
1515 2214 1774 2263 Orientalia
1804 2215 1904 2264 loca
1936 2213 2110 2262 Fideles
2150 2212 2230 2281 ipfi

1256 2283 1515 2333 accedentes
1561 2320 1576 2340 ,
1641 2282 1812 2332 sacram
1859 2285 1972 2331 hanc
2031 2281 2233 2333 invisunt

1254 2354 1418 2406 AEdem
1437 2392 1451 2411 ,
1485 2352 1751 2421 summoque
1772 2356 1942 2402 honore
1970 2373 2068 2403 earn
2098 2373 2232 2403 vene·

1253 2440 1435 2474 rantur.
1476 2429 1786 2474 Narraturum
1821 2440 1971 2474 certus
2011 2425 2071 2473 est
2109 2425 2229 2474 testis

1252 2497 1614 2565 pulcherrimum
1644 2495 1886 2544 Mufivum
1915 2514 2028 2564 opus
2056 2495 2230 2544 duode-

1102 2570 1373 2623 Nechimo
1403 2566 1553 2614 seculo
1596 2565 1676 2615 sub
1715 2567 1919 2634 Imperio
1957 2569 2226 2615 Emanuelis

1249 2641 1412 2705 Magni
1474 2638 1772 2703 Imperatoris
1834 2638 2229 2706 Porphyrogeniti

1249 2710 1479 2756 Comneni
1500 2709 1760 2757 extructum
1781 2744 1791 2756 .
1832 2711 1986 2768 Hujus
2018 2708 2229 2775 pulcher-

1249 2779 1351 2825 rimi
1373 2776 1547 2826 Mufivi
1574 2782 1751 2846 copiam
1784 2776 2048 2828 nobissecit
2075 2782 2228 2825 Reve-

1248 2847 1538 2896 rendiffimus
1569 2853 1641 2898 Pr.
1665 2854 1739 2897 Fr.
1770 2849 2025 2897 Bernardus
2044 2844 2223 2914 Joseph

1246 2917 1391 2984 ajesu
1415 2921 1564 2966 Maria
1585 2917 1932 2969 Commissarius
1952 2954 1966 2976 ,
1991 2920 2227 2966 'Procura-

1245 3006 1409 3054 torque
1450 2991 1689 3038 Generalis
1729 2991 1870 3037 totius
1910 2985 2222 3038 Franciscanae

1246 3058 1445 3109 Familiae
1478 3061 1634 3108 Terrae
1653 3060 1825 3110 San&ae
1843 3061 1887 3106 in
1919 3060 1999 3109 hac
2032 3061 2222 3108 Curia-2

1246 3137 1453 3178 Romana
1475 3164 1488 3186 ,
1515 3131 1590 3178 cui
1619 3149 1699 3179 nos
1735 3129 1969 3178 adstrictos
2002 3127 2086 3178 effe
2114 3126 2224 3177 fate·

1243 3218 1345 3250 mur
1361 3236 1377 3258 ‚
1405 3198 1464 3246 ob
1479 3201 1755 3267 peculiarem
1782 3206 1877 3264 ejus
1899 3219 2058 3249 curam
2076 3234 2092 3257 ,
2123 3216 2221 3263 quae

2107 3287 2145 3316 ei
