2331 3585
15 2428 18 2449 Ι

16 2468 19 2479 ι

12 2505 19 2574 l

740 207 1251 258 CAPUT
1376 207 1444 257 X.

98 304 305 351 lamento,
318 296 458 348 excisa
474 296 536 345 est
553 293 702 361 ,quod
719 293 978 360 supradieto
996 297 1095 345 D.A
1113 289 1342 359 possumus
1367 309 1442 339 eos
1461 294 1599 340 Viros
1616 326 1631 346 ,
1658 292 1733 356 qui
1769 290 1953 340 Christo
1983 296 2079 338 Do-

99 370 383 438 econspesstu
402 370 659 436 opponitur.
688 369 742 413 In
765 362 1063 420 loculi3‚s1ve
1114 366 1240 411 mino
1272 362 1327 410 ab
1362 376 1554 427 utroque
1596 362 1732 408 latere
1772 361 2082 409 venerabundi

99 444 515 492 loculamentorum
544 436 789 485 fornicibus
817 439 867 482 B.
892 439 950 483 C.
970 434 1063 482 duo
1118 432 1323 482 assistunt
1347 468 1360 488 ‚
1395 434 1658 486 Thomam,
1697 430 1745 480 ἃ·
1782 432 2083 497 Philippum-2

99 511 203 560 sunt
228 509 405 559 Musiva
435 527 569 575 opera
598 506 698 555 rudi
727 506 958 554 elaborata
981 507 1065 552 mi·
1117 504 1366 571 Apostolos
1386 501 1705 570 repraesentare
1722 537 1735 556 ‚
1756 519 1863 548 oves
1885 501 1995 548 vero
2019 519 2086 548 re-

102 581 242 630 nerva
261 617 274 637 ‚
304 599 402 646 quae
437 577 721 629 Constantini
755 578 920 642 Magni
954 591 1065 623 tem·
1116 576 1263 640 liquos
1281 572 1526 639 discipulos
1547 608 1561 629 ,
1590 570 1664 620 seu
1681 569 1990 637 quoscumque
2013 573 2085 619 Fi-

101 668 214 719 pora
231 649 550 717 praeseferunt,
583 648 688 697 cum
721 647 935 695 anteriori
966 663 1063 694 aevo
1115 644 1237 693 deles
1270 644 1439 694 Christi
1473 645 1666 692 verbum
1696 640 1925 689 audientes
1946 678 1956 689 .
1989 644 2084 690 Tu-

102 721 358 769 construcia
377 718 542 769 affabre
564 720 868 774 delineata‚ac
884 716 1060 784 depicta
1113 718 1294 784 guriola
1315 732 1498 781 quoque
1523 710 1756 780 promissas
1785 713 1808 758 a
1826 710 2008 781 Christo
2036 714 2085 763 in

102 807 342 840 cernantur
366 827 376 839 .
412 790 692 840 Eorumdem
728 785 1060 835 mimorum„
1111 791 1254 836 domo
1286 789 1431 835 Patris
1458 783 1738 839 mansiones,
1768 782 2075 848 tandemque,

101 865 308 930 exempla
350 861 455 910 vide
500 860 576 910 sub
619 859 799 908 Tabula
835 859 1063 921 XXXII,
1115 860 1317 927 geminas
1338 858 1509 924 palmas
1531 853 1704 923 Judaeae
1732 851 1996 916 symbolum
2025 853 2088 903 es-

102 934 149 981 in
199 951 283 999 qua
323 931 469 999 figura
518 952 557 979 1.
601 927 806 979 Christus
857 932 1065 996 exprimi,
1118 928 1196 984 se;
1235 929 1278 974 ni
1312 943 1467 974 tamen
1497 925 1649 992 potius
1686 925 1710 970 a
1741 921 1997 971 Musivario
2028 925 2088 973 ad

102 1018 206 1060 tur,
242 1006 316 1068 qui
344 1003 458 1050 stans
494 1001 580 1050 acsi
617 999 930 1055 benediceret,
963 1000 1065 1048 dex,
1117 1012 1333 1047 ornatum
1352 996 1675 1050 solummodo,
1709 993 1756 1045 ὃ(
1784 994 1841 1043 ad
1871 995 2050 1043 libitum
2072 1033 2087 1053 ,

103 1088 224 1121 tram
242 1076 421 1131 elevat,
452 1070 623 1120 sinistra
645 1069 755 1119 vero
773 1072 972 1136 explicat
988 1051 1100 1120 vo.B
1123 1070 1257 1136 quam
1275 1068 1332 1116 ad
1351 1086 1450 1116 rem
1474 1070 1616 1116 ullam
1649 1064 1990 1135 significandam
2018 1087 2090 1116 ex-

103 1144 258 1192 lumen
278 1179 292 1200 ,
321 1146 363 1191 in
383 1161 472 1208 quo
491 1144 582 1191 haec
603 1163 613 1189 ε
636 1142 841 1189 Dominus
856 1156 920 1206 pa-
1030 1162 1031 1167 ¹
1121 1138 1282 1208 pressas
1299 1140 1529 1187 dicamus,

102 1233 186 1261 cem
211 1214 283 1261 dat
302 1250 313 1261 .
336 1212 439 1264 Post
464 1232 560 1279 quae
582 1227 930 1280 monogramma
947 1169 1036 1247 X
1193 1211 1400 1259 Secunda
1424 1212 1466 1257 in
1484 1208 1632 1277 figura
1664 1206 1863 1270 ejusdem
1895 1208 2087 1258 Tabulae

100 1282 274 1332 scilicet
336 1282 541 1335 Christus
586 1297 769 1331 notatur
791 1319 801 1329 .
848 1284 931 1331 Vir
976 1281 1071 1345 qui-
1123 1280 1358 1330 Christum
1381 1280 1538 1328 videre
1557 1278 1617 1326 est
1636 1277 1767 1345 supra
1787 1278 2010 1347 globum,
2028 1283 2091 1327 vi-

106 1354 213 1402 dam
246 1353 308 1402 est
335 1356 359 1402 ὲ
397 1352 576 1402 finistris
616 1352 849 1403 Christum
883 1353 1068 1399 inclina·
1121 1353 1287 1401 delicet
1301 1351 1553 1407 Mundum,
1573 1348 1863 1406 insidentem,
1881 1365 1929 1398 ut
1951 1354 2090 1399 Mun-

105 1439 176 1473 tus
228 1423 443 1492 aspiciens
485 1461 499 1482 ,
563 1443 614 1472 ac
669 1423 875 1471 manibus
929 1418 1069 1469 extre·
1119 1424 1163 1472 di
1195 1421 1327 1489 ipsius
1353 1425 1605 1472 Dominum
1637 1420 1797 1478 decet3
1836 1419 2008 1468 sinistra
2041 1424 2091 1470 li-

108 1514 240 1544 mum
264 1497 511 1544 voluminis
531 1510 684 1543 tenens
705 1531 714 1541 .
743 1498 808 1542 Ex
836 1496 975 1541 altera
993 1511 1067 1539 au·
1118 1495 1251 1542 brum
1269 1493 1473 1542 clausum
1494 1506 1618 1541 tenet
1639 1527 1653 1548 ‚
1672 1490 1909 1539 dexteram
1934 1507 2088 1541 autem
2122 1548 2129 1554 ,

103 1580 195 1614 tem
211 1581 338 1632 parte
366 1568 436 1614 vir
465 1568 577 1613 alius
601 1563 736 1631 paulo
759 1565 980 1619 erectior,
1021 1561 1067 1611 <St
1124 1565 1180 1613 ad
1213 1567 1365 1613 virum
1401 1563 1646 1630 quemdam
1686 1562 1993 1628 quadantenus
2029 1566 2090 1611 in-

106 1639 252 1685 veluti
270 1636 626 1684 admirabundus
655 1635 825 1691 adstat,
854 1635 1069 1698 habetque
1125 1638 1344 1683 clinatum
1377 1634 1607 1690 extendit,
1637 1635 1780 1681 veluti
1814 1629 1958 1699 ipsum
1996 1653 2088 1682 am-

105 1710 150 1755 in
171 1706 361 1755 fimbriis
379 1709 502 1773 pallii
533 1708 618 1754 hoc
649 1723 999 1773 monogramma
1034 1707 1073 1750 Ι.
1126 1706 1324 1773 ρΙεὲὶεηε
1342 1742 1357 1762 ,
1380 1706 1456 1771 qui
1473 1721 1626 1753 tamen
1643 1703 1767 1752 actus
1784 1702 1987 1772 dignosci
2009 1706 2090 1753 mi·

102 1781 231 1828 Hinc
254 1778 354 1825 inde
379 1778 400 1822 ἐι
423 1792 556 1845 tergo
573 1778 733 1824 horum
756 1779 962 1823 virorum
978 1774 1246 1827 duoCnime
1273 1775 1416 1842 potest
1434 1812 1447 1832 ,
1481 1776 1588 1824 cum
1618 1777 1722 1824 Viri
1749 1776 1870 1822 illius
1899 1777 2089 1841 pallium

1912 223 2000 269 131·

103 1851 340 1917 tuguriola
357 1883 370 1903 ,
406 1867 455 1895 ac
475 1846 667 1894 totidem
687 1848 960 1895 attolluntur
980 1846 1070 1911 pal-

105 1939 187 1969 mae
207 1956 218 1967 .
259 1926 326 1968 At
356 1932 458 1965 ante
490 1919 678 1966 Domini
709 1918 843 1984 pedes
875 1931 1071 1982 quatuor

104 1990 221 2038 stant
247 2007 383 2037 oves.
417 1988 546 2054 Qid
574 2003 724 2035 autem
742 2006 900 2036 omnes
936 1989 998 2034 hae
1028 1984 1071 2032 fi-

105 2077 230 2129 gurae
260 2057 510 2128 significent
527 2061 780 2125 aperiamus
802 2098 811 2106 .
829 2056 1070 2109 Habemus

107 2136 152 2180 in
194 2132 445 2197 Euangelio
480 2131 663 2176 Ioannis
690 2149 787 2197 cap.
831 2147 906 2190 14.
937 2129 1070 2177 Chri-

104 2201 223 2251 stum
245 2199 487 2267 discipulos
509 2197 851 2248 consolaturum
887 2196 1067 2246 dixisse:

105 2275 272 2320 multas
299 2275 341 2317 in
359 2271 500 2318 domo
523 2273 665 2318 Patris
699 2269 948 2318 mansiones
969 2267 1067 2325 effe,

107 2341 242 2408 seque
263 2338 413 2388 rursus
438 2341 537 2387 illos
558 2338 884 2407 assumpturum
903 2361 916 2398 3
946 2341 1067 2388 Tho-

1124 1866 1282 1894 manus
1303 1861 1428 1914 tegat
1445 1883 1454 1892 .
1485 1850 1620 1896 Hanc
1647 1862 1732 1912 ego
1762 1844 1959 1913 figuram
1981 1849 2088 1895 alte-

1123 1920 1323 1979 riusjam
1354 1919 1586 1983 explicatae
1605 1917 1996 1982 complementum
2024 1915 2087 1966 es-

1125 1986 1167 2036 se
1191 1986 1546 2055 putarem,adeo
1569 2003 1616 2035 ut
1641 1990 1681 2034 in
1703 2005 1753 2034 ea
1781 1987 1961 2052 quidem
1996 1993 2091 2037 Do-

1123 2061 1270 2106 minus
1288 2076 1442 2125 pacem
1479 2056 1710 2124 Apostolis
1736 2075 1813 2104 ore
1834 2059 2088 2122 relinquens

1123 2132 1420 2197 exprimatur,
1441 2131 1483 2176 in
1500 2130 1581 2175 hac
1597 2126 1708 2176 vero
1728 2126 1816 2195 ipse
1841 2128 1965 2176 aetus
1994 2148 2089 2177 am-

1122 2203 1278 2266 plexus
1300 2236 1314 2256 ,
1343 2217 1432 2265 quo
1451 2200 1561 2246 nihil
1579 2199 1632 2246 ad
1650 2201 1769 2265 pacis
1789 2200 2087 2249 collationem

1121 2270 1463 2337 exprimendam
1488 2267 1547 2316 est
1565 2271 1866 2336 opportunius
1881 2307 1890 2316 .

1190 2343 1314 2390 Tam
1342 2340 1397 2388 ad
1438 2340 1646 2388 dextram
1674 2375 1689 2396 ,
1733 2341 1869 2406 quam
1898 2341 1953 2390 ad
1989 2341 2088 2389 sini-

107 2432 192 2461 mae
214 2427 368 2460 autem
388 2409 639 2476 ApostolO,
667 2410 707 2458 se
726 2411 807 2459 effe
825 2415 944 2459 viam
960 2446 974 2467 ‚
994 2428 1067 2457 ve·
1118 2410 1253 2460 stram
1285 2409 1389 2459 Iesu
1422 2412 1581 2477 palmae
1610 2409 1736 2467 sunt,
1769 2429 1862 2476 quse
1890 2411 1997 2460 licet
2030 2413 2086 2460 ad

105 2485 290 2531 ritatem
309 2518 323 2539 ,
343 2480 389 2530 ὅ(
410 2482 554 2528 vitam
573 2501 585 2538 ;
610 2483 817 2547 Philippo
838 2481 946 2530 vero
961 2517 975 2537 ,
991 2483 1067 2528 Pa·
1122 2480 1363 2530 Mufivarii
1407 2483 1629 2548 placitum
1678 2481 1875 2546 depictas
1916 2480 2086 2531 afuisse„

108 2568 226 2602 trem
240 2553 286 2600 in
307 2550 347 2599 se
366 2552 511 2600 videri
529 2571 542 2609 3
571 2550 821 2601 Promisisse
841 2567 1070 2619 praeterea,
1124 2552 1243 2601 haud
1259 2551 1428 2601 temere
1447 2552 1567 2600 credi
1591 2553 1765 2608 valeat,
1786 2568 1833 2599 ut
1850 2551 2087 2619 suprajam

105 2621 290 2672 eosdem
320 2621 449 2688 plane:
485 2639 748 2689 accepturos
780 2658 794 2678 ,
841 2623 1108 2689 quidquidD
1123 2623 1353 2672 diximus:
1383 2637 1579 2671 attamen
1610 2621 1640 2669 si
1665 2623 1756 2669 illis
1788 2625 1984 2688 aliquam
2014 2643 2087 2672 ex-

102 2692 185 2742 suo
212 2689 432 2760 petiissent
449 2695 649 2750 nomine,
667 2692 798 2758 seque
817 2696 877 2740 eis
893 2695 916 2740 ἓι
936 2697 1066 2742 Patre
1119 2696 1412 2760 plicationem
1433 2693 1540 2741 dare
1558 2694 1749 2740 velimus
1767 2730 1779 2749 ,
1812 2712 2085 2761 exponerem

104 2765 246 2813 alium
278 2761 515 2811 missurum
556 2765 861 2821 Paraclitum3
901 2762 1065 2829 postre-
1117 2767 1288 2830 palmas
1319 2764 1616 2830 hasJudaeam
1641 2766 1916 2829 Regffinem,
1938 2767 1980 2811 in
1999 2784 2085 2830 qua

103 2832 185 2884 mo
228 2850 385 2900 pacem
419 2832 664 2899 Discipulis
699 2832 777 2881 sub
810 2832 925 2881 hisce
964 2835 1065 2881 reli·
1118 2834 1325 2884 Christus
1348 2835 1576 2883 Dominus
1597 2835 1743 2881 vitam
1771 2836 1898 2901 egit,
1931 2837 2086 2884 innue-

104 2903 241 2971 quiffe
274 2902 422 2953 verbis
455 2925 465 2951 :
512 2903 654 2951 Pacem
689 2905 871 2971 relinquo
900 2904 1027 2953 ‘vobis
1045 2939 1060 2960 ,
1113 2922 1176 2952 re.
1196 2907 1354 2954 Palma
1372 2903 1675 2970 enimJudaeae
1691 2901 1957 2970 symbolum
1984 2906 2078 2964 est,

97 2988 239 3040 pacem
256 2992 383 3022 meam
401 2975 449 3022 do
465 2973 589 3023 vobis
607 3012 616 3021 .
645 2974 795 3023 Pictor
818 2977 956 3041 igitur
971 3011 985 3030 ‚
1017 2989 1066 3022 ut
1121 2991 1170 3023 ut
1188 2994 1241 3022 ex
1260 2972 1539 3040 Vespasiani,
1559 2972 1604 3024 ὅ(
1624 2975 1720 3022 Titi
1742 2978 1943 3023 nummis
1965 2977 2086 3026 vide-

104 3046 256 3092 omnia
275 3046 364 3092 haec
398 3044 457 3092 ob
487 3047 644 3092 oculos
672 3062 856 3110 poneret
878 3081 891 3100 ‚
923 3063 1064 3110 neque
1118 3063 1164 3093 re
1193 3044 1284 3101 est,
1315 3045 1390 3093 ubi
1420 3047 1583 3092 mulier
1613 3046 1816 3110 quaedam
1853 3049 1997 3094 veluti
2029 3049 2088 3095 la-

104 3115 188 3162 hac
223 3113 275 3161 de
306 3132 351 3161 re
384 3117 502 3163 ullus
539 3115 811 3163 dubitationi
844 3117 968 3163 locus
1005 3133 1066 3162 re·
1118 3118 1367 3180 chrymans
1393 3113 1472 3163 sub
1492 3114 1648 3162 eadem
1669 3116 1828 3164 arbore
1855 3135 1959 3165 cum
1996 3121 2086 3184 epi-

106 3185 389 3251 linqueretur
405 3221 420 3242 ,
438 3186 710 3255 epigraphen
742 3185 941 3233 addidit:
978 3187 1063 3232 Do-
1115 3186 1431 3253 prapheJudaea
1454 3180 1602 3250 capta,
1628 3188 1827 3253 expressa
1847 3190 2064 3237 cernitur.

103 3259 237 3304 minus
251 3269 392 3321 pacem
416 3257 488 3304 dat
509 3293 519 3304 .
555 3259 678 3307 Hinc
703 3255 827 3304 certo
846 3258 1060 3323 colligere
1113 3257 1215 3308 Ubi
1243 3255 1567 3307 eruditiffimus
1599 3261 1830 3309 Antonius
1866 3256 2087 3325 Augusti-

1423 3332 1468 3377 R
1510 3346 1536 3376 2
1933 3347 2015 3376 nus
