2331 3585
706 232 1220 288 CAPUT
1361 230 1476 281 ΙΙΙ
1968 255 2028 298 25

111 330 181 377 liis
206 361 220 382 ,
271 321 666 390 marmoribusque
697 359 713 381 ,
766 320 814 373 ὃ(
852 322 1115 370 columnisA
1135 322 1222 372 fuit
1240 359 1255 380 ,
1294 323 1338 370 in
1358 327 1484 384 cujus
1506 322 1687 390 angulis
1711 335 1906 389 quatuor
1924 327 2102 372 Cruces

110 398 449 465 porphyreticis
484 396 639 444 ornari
679 391 905 450 voluisse,
943 411 1078 460 atque
1128 397 1266 444 variis
1303 393 1499 443 Mufivis
1537 392 1750 460 operibus
1787 409 1955 442 ornatae
1996 393 2105 442 vise·

111 468 216 517 ideo
243 468 400 517 eadem
438 483 702 523 marmora,
733 463 929 513 eundem
946 467 992 513 in
1012 465 1078 512 10-
1129 466 1326 523 bantur,
1363 481 1411 514 ut
1439 479 1594 513 narrat
1624 470 1790 533 Ugon.
1822 468 1866 512 in
1896 470 2013 513 Stat.
2039 469 2103 514 V.

109 558 218 589 cum
240 577 257 597 ,
275 539 330 588 ad
346 538 541 586 eundem
568 535 705 585 finem
725 534 917 598 ,juffiffe
936 534 1076 584 addu-
1127 545 1324 606 pag.46.
1343 541 1414 585 De
1430 536 1655 584 ambobus
1674 535 1904 603 prioribus
1929 537 2104 584 Orato-

113 615 181 661 ci:
205 608 499 679 postmodum
522 625 635 657 vero
652 608 921 657 inchoatum
940 624 1074 673 opuS,

115 683 237 751 quod
257 679 573 747 imperfectum
592 678 853 726 remanebat
870 713 884 734 ,
901 676 1075 726 absolvi

111 751 346 822 imperasse
367 788 377 799 .
417 753 571 817 Quare
600 746 884 798 Beatiffimus
899 785 915 806 ‚
942 763 1077 815 atque

117 822 387 893 magnificus
405 817 615 872 Pontifex
633 819 811 885 Xystus
826 856 841 877 ,
857 819 912 867 de
926 821 1076 868 Sacris

116 894 328 945 ornandis
357 891 556 942 aedificiis
585 890 718 939 valde
747 889 969 939 sollicitus
984 927 1000 949 ‚
1027 905 1078 940 ut

117 966 301 1015 testatur
319 966 551 1013 Liberiana
566 960 770 1020 Basilica,
788 960 887 1030 post
907 960 1078 1020 seculfi,

1127 627 1205 656 rus
1227 625 1309 656 nos
1328 605 1616 656 differuimus
1633 608 1679 654 in
1698 605 1852 654 nostro
1877 608 2031 673 Opere
2046 605 2102 654 de

1130 684 1290 729 Veter.
1309 680 1511 729 Monim.
1529 697 1625 745 par.
1653 698 1693 726 1.
1712 696 1809 745 cap.
1832 687 1913 726 26.

1199 753 1274 798 Ne
1305 765 1460 799 autem
1493 751 1635 799 ullam
1668 748 1910 798 dubitandi
1939 746 2094 796 ansam

1128 822 1174 868 in
1224 820 1451 887 hucusque
1502 823 1695 870 narratis
1748 822 2059 887 relinquamus
2089 854 2107 875 ,

1128 910 1240 941 cum
1256 889 1389 960 supra
1405 893 1452 939 in
1472 894 1621 959 capite
1642 891 1910 959 praecedenti
1935 892 2101 939 retule-

1129 966 1305 1020 rimuS,
1336 965 1379 1011 in
1397 964 1602 1031 zophoro
1631 979 1828 1030 quatuor
1863 964 2100 1010 columna-

117 1039 229 1085 hanc
270 1035 559 1086 Constantini
599 1033 886 1081 voluntatem
919 1051 1113 1108 exem-B
1130 1054 1269 1091 rum,
1294 1052 1391 1100 quae
1409 1053 1547 1083 muro
1564 1031 1716 1083 sacelli
1734 1039 1780 1084 S.
1798 1029 2103 1090 Thomae,seu

117 1110 230 1157 tioni
262 1107 496 1155 mandavit
527 1141 539 1153 .
581 1107 800 1153 Praeterea
829 1101 1077 1152 absurdum
1132 1108 1392 1157 Secretario
1411 1104 1706 1156 Pontificium
1734 1103 2019 1154 adhaerebant
2038 1105 2102 1150 in—

117 1176 303 1228 minime
337 1176 419 1227 effe
452 1191 596 1244 puto,
633 1172 666 1222 fi
697 1173 880 1224 afferam
903 1211 917 1231 ,
954 1174 1077 1242 quod
1128 1177 1416 1244 frascriptam
1459 1178 1551 1246 legi
1586 1175 1930 1244 inscriptionem
1952 1212 1966 1233 ,
2001 1193 2098 1241 quae

114 1252 159 1298 in
184 1265 277 1298 tam
309 1250 445 1318 longa
466 1264 688 1295 annorum
718 1245 825 1295 serie
846 1282 861 1304 ,
891 1245 966 1294 ubi
990 1248 1079 1314 epi-
1128 1268 1234 1299 cum
1263 1251 1341 1297 illa
1361 1250 1385 1296 a
1421 1251 1630 1297 Grutero
1665 1247 1804 1297 relata
1839 1247 1993 1295 eadem
2026 1263 2100 1312 pe-

111 1318 249 1385 stylia
268 1357 281 1377 ,
312 1320 487 1386 aliaque
505 1335 737 1367 marmora
761 1319 1077 1383 columnaeque
1127 1320 1182 1370 ne
1213 1318 1276 1369 est
1295 1355 1308 1377 ‚
1346 1318 1595 1368 videlicet:
1628 1318 1711 1366 Hic
1742 1320 1852 1367 locus
1882 1319 1980 1365 olim
2001 1316 2098 1381 fiir-

107 1390 318 1453 jacebant
355 1426 369 1448 ,
412 1407 626 1457 magnam
661 1389 722 1437 ibi
760 1404 868 1437 tune
900 1391 1074 1436 molem
1126 1394 1262 1441 dentis
1293 1391 1445 1439 tumuli
1463 1389 1678 1458 squallore
1715 1390 1914 1457 congestus
1944 1424 1959 1444 ,
1985 1388 2100 1453 fitm-

115 1460 341 1530 aggestam
360 1458 484 1509 fuisse
503 1496 517 1518 ,
536 1461 704 1528 partim
724 1477 778 1507 ex
796 1457 960 1508 effossis
978 1457 1076 1507 fun-
1118 1480 1197 1530 peu
1220 1501 1235 1522 ‚
1273 1468 1325 1510 65
1357 1478 1398 1510 ce
1428 1459 1610 1510 Domine
1641 1459 1764 1508 tant&
1797 1460 1985 1509 ruderum
2020 1477 2099 1506 mo-

117 1532 337 1580 damentis
360 1567 375 1588 ,
405 1530 534 1598 super
553 1530 713 1596 quibus
731 1530 833 1598 ipsae
854 1532 1076 1579 columnae

113 1602 335 1671 erigendae
353 1618 479 1650 erant
495 1637 509 1658 ,
536 1603 704 1669 partim
727 1602 814 1651 aliti
838 1620 890 1649 ex
913 1599 1044 1649 causa
1061 1638 1076 1659 ,

113 1687 166 1722 ut
198 1674 398 1738 quotidie
435 1676 481 1720 in
517 1675 650 1722 novis
681 1671 861 1721 fabricis
894 1709 908 1730 ,
957 1688 1077 1720 ante-

111 1762 248 1809 quam
280 1745 362 1792 illae
386 1742 676 1791 absolvantur
698 1778 712 1798 ,
751 1743 916 1791 ssmiles
945 1757 1075 1790 terrae

115 1830 301 1882 aggeres
334 1811 565 1862 efformari
601 1812 813 1862 videmus
839 1849 849 1859 .
898 1812 1076 1877 Xystus

1125 1538 1166 1584 le
1195 1571 1209 1592 ,
1247 1550 1442 1602 quantum
1478 1534 1670 1581 culminis
1701 1552 1805 1580 nunc
1837 1532 2017 1582 ‘videtur
2046 1529 2102 1576 ad

1127 1605 1374 1674 cff’rendum
1398 1604 1561 1671 Christo
1599 1604 1781 1652 Domino
1820 1600 1874 1650 Ν
1893 1636 2096 1650 .......

1128 1681 1283 1743 Qare
1324 1679 1439 1725 inter
1477 1673 1686 1741 utrasque
1720 1670 2013 1722 solummodo
2047 1689 2098 1718 ea

1129 1748 1189 1795 est
1207 1745 1460 1795 differentia
1478 1783 1490 1803 ‚
1519 1747 1641 1812 quod
1665 1748 1709 1794 in
1731 1747 1813 1794 hac
1842 1742 2098 1793 desideran-

1130 1832 1204 1865 tur
1223 1835 1360 1866 voces
1379 1854 1390 1864 .
1431 1816 1576 1863 Studio
1602 1816 1761 1882 Christi
1775 1816 1942 1881 fhmuli
1971 1814 2099 1861 Hila-

114 1887 258 1952 igitur
278 1881 489 1934 Pontifex
507 1887 743 1933 columnas
773 1885 948 1940 erexit,
987 1886 1168 1952 epi-Cri
1187 1888 1377 1952 Episcopi
1389 1892 1600 1949 juvante3
1631 1885 1735 1934 ideo
1763 1885 1818 1933 ad
1845 1884 2095 1933 hoc-eluci-

112 1955 249 2017 stylia
267 1952 620 2021 superimposuit
637 1992 651 2012 ,
678 1973 792 2022 opus
815 1970 1075 2002 tamennon

114 2024 311 2073 absolvit
341 2062 352 2073 .
401 2025 544 2073 Unde
578 2028 770 2075 Hilarus
807 2023 944 2092 paulo
979 2024 1076 2091 post

112 2095 255 2161 Xysti
275 2093 490 2144 succeffor
504 2101 599 2159 jam
616 2094 848 2165 aggestam
873 2111 1039 2144 terram
1059 2131 1074 2153 ,

110 2184 319 2232 novaque
348 2166 509 2215 rudera
530 2203 544 2223 ,
580 2184 636 2215 ex
666 2169 832 2215 recenti
865 2163 1075 2215 fabrica-⁴

111 2235 398 2305 superaddita
424 2238 586 2286 exinde
611 2239 849 2295 amoveri,
888 2257 937 2286 ac
955 2240 998 2285 in
1028 2241 1076 2287 li-

111 2307 294 2365 beram,
316 2308 598 2375 nitidamque
615 2307 812 2358 formam
834 2308 961 2360 reddi
985 2308 1075 2371 jus-

109 2376 166 2427 fit
184 2416 200 2437 ,
226 2393 550 2447 proptereaque
566 2378 908 2447 inscriptionem
930 2381 1074 2438 iilam,

110 2451 179 2498 hic
220 2452 327 2498 locus
353 2452 449 2499 olim
470 2450 680 2515 ftrdentis
706 2453 858 2499 cumuli
888 2451 1077 2518 squallo-

109 2539 153 2568 re
180 2523 408 2589 congestus,
442 2520 532 2570 ἃς.
574 2520 740 2588 absque
775 2520 1074 2570 ullz'idubita-

111 2593 237 2638 tione
257 2628 271 2648 ‚
309 2590 389 2659 ipfi
418 2593 586 2642 Hilaro
624 2591 834 2642 Pontifici
866 2592 1073 2659 adaptari

1128 1957 1329 2006 dandum
1350 1956 1544 2005 dubium
1566 1955 1827 2023 responderi
1847 1953 1965 2023 posse
1983 1969 2098 2022 puto

1128 2026 1420 2079 Anastasium
1437 2031 1612 2092 IV.qui
1631 2028 1794 2076 floruit
1808 2044 1925 2076 anno
1945 2045 1963 2079 1
1982 2045 1998 2073 1
2013 2043 2037 2086 5
2049 2044 2092 2086 3.

1127 2101 1369 2150 Porticum
1399 2113 1500 2147 ante
1539 2098 1863 2165 Baptisterium
1883 2134 1897 2155 ,
1926 2096 2094 2145 tabulis

1126 2172 1395 2220 marmoreis
1415 2206 1429 2226 ‚
1458 2186 1686 2235 muroque
1710 2167 1909 2216 clausisse
1929 2204 1944 2225 ‚
1983 2167 2095 2214 duo-

1127 2261 1215 2310 que
1243 2242 1403 2290 altaria
1430 2240 1598 2288 ibidem
1624 2236 1894 2287 conlecta-sse
1912 2274 1926 2294 ,
1956 2255 2096 2303 quare

1127 2332 1234 2361 cum
1254 2315 1296 2360 in
1312 2313 1395 2359 hac
1417 2312 1597 2379 porticu
1614 2346 1628 2367 ,
1660 2312 1772 2358 olim
1798 2307 1900 2377 ipsse
1919 2311 2096 2355 colum-

1127 2403 1192 2432 nae
1206 2420 1219 2441 ,
1239 2401 1346 2430 cum
1364 2384 1569 2449 zophoro
1586 2379 1768 2429 fortasse
1783 2417 1797 2438 ,
1820 2395 1920 2427 ante
1944 2380 2096 2445 Bapti-

1125 2455 1245 2504 sterii
1260 2459 1451 2516 januam
1476 2452 1642 2501 starent
1660 2489 1674 2509 ‚
1697 2471 1793 2518 quae
1812 2451 1913 2498 inde
1933 2464 2096 2497 amotae

1127 2524 1313 2574 fuerunt
1333 2560 1349 2581 ,
1378 2540 1428 2572 ut
1445 2525 1641 2589 amplior
1665 2522 1933 2571 redderetur
1960 2538 2063 2568 area
2079 2555 2095 2577 ‚

1125 2615 1222 2664 quae
1253 2599 1296 2644 in
1330 2596 1543 2644 Oratorii
1581 2591 1712 2641 usum
1741 2591 2011 2649 inserviret3
2043 2589 2092 2641 &

108 2659 227 2727 poffe
262 2662 491 2721 arbitror3
532 2661 753 2730 praecipue
780 2681 890 2710 cum
913 2663 1177 2723 idem-‚one
1200 2669 1382 2715 illarum
1417 2667 1742 2713 columnarum
1761 2699 1775 2721 ,
1811 2664 2092 2729 zophorique

107 2729 429 2790 Pontifex,hoc
444 2734 489 2781 in
508 2734 671 2782 eodem
688 2732 1067 2801 Baptisterio‚tria
1119 2740 1289 2806 periret
1301 2737 1592 2792 memoria,in
1610 2733 1808 2797 ejusdem
1827 2731 1977 2781 sacelli
1996 2750 2093 2779 mu*

110 2803 364 2861 Oratoria,
396 2822 537 2852 unum
565 2806 609 2852 in
634 2806 884 2872 &joannis
915 2808 1068 2872 Bapti-
1122 2826 1172 2857 ro
1194 2806 1374 2858 inclusae
1404 2804 1533 2854 fuere
1550 2841 1564 2862 ,
1597 2823 1687 2853 non
1713 2805 1738 2853 al
1762 2806 1942 2872 Joanne
1964 2839 1979 2860 ‚
2011 2803 2090 2869 qui

107 2870 197 2929 stae,
211 2874 407 2922 alterum
427 2876 473 2921 in
491 2876 739 2942 S.Joannis
758 2876 1070 2943 Evangelistae3
1125 2877 1345 2929 Anastafii
1365 2873 1660 2926 Praedeceffor
1689 2873 1775 2922 fuit
1794 2911 1809 2931 ‚
1836 2872 1911 2922 sed
1947 2873 2002 2922 ab
2029 2875 2094 2940 ip·-

108 2944 298 2992 tertium
319 2962 480 3012 parum
508 2945 561 2993 ab
593 2945 762 2994 eisdem
794 2945 959 2995 distans
975 2983 990 3005 ‚
1025 2950 1068 2995 in
1121 2949 1170 2998 so
1190 2945 1425 2999 Anastasio
1439 2983 1454 3004 ,
1475 2949 1551 2995 vel
1570 2947 1722 3012 aliquo
1743 2964 1794 2994 ex
1817 2940 2093 2994 Successori-

109 3015 411 3064 Exaltationis
448 3015 750 3076 Sanciiffimae
791 3019 957 3067 Crucis
995 3018 1072 3066 ho·
1124 3020 1206 3068 bus
1225 3056 1239 3076 ,
1270 3019 1498 3068 sacrarum
1517 3018 1841 3082 antiquitatum
1859 3013 2060 3064 studioso
2081 3052 2092 3062 .

107 3100 284 3142 norem,
301 3085 621 3144 aedificaverit,
636 3105 834 3153 quorum
853 3090 1072 3137 ultimum
1193 3094 1297 3138 Nec
1321 3087 1468 3137 obstat
1486 3087 1610 3153 quod
1629 3086 1829 3154 Rasponi
1859 3084 2093 3152 inscriptio

110 3154 340 3204 retranto
383 3155 534 3206 seculo
555 3193 569 3214 ,
608 3172 815 3224 tempore
852 3161 1073 3207 nimirum
1124 3161 1168 3208 in
1195 3161 1435 3227 praecitatis
1463 3155 1645 3208 differre
1675 3158 1916 3207 videatur,
1949 3158 2094 3221 quia*

105 3223 368 3275 Pontificat.
388 3227 529 3294 Xysti
547 3231 610 3277 V.
630 3227 937 3297 gloriofiffimi
960 3232 1073 3278 Pon-
1123 3230 1360 3279 diversitas
1387 3231 1513 3277 nulla
1545 3228 1636 3285 est,
1668 3227 1740 3277 sed
1776 3230 1905 3276 unius
1939 3224 2092 3274 versus

107 3293 239 3344 tificis
260 3331 275 3355 ,
294 3296 354 3347 ob
369 3297 636 3349 vetustatem
656 3300 845 3348 nimiam
864 3298 1068 3350 dirutum
1121 3304 1355 3352 mutilatio
1374 3336 1388 3358 ,
1417 3302 1492 3366 qui
1519 3314 1598 3348 aut
1624 3302 1669 3347 in
1688 3316 1919 3348 marmore
1937 3314 2091 3344 corro-

1578 3374 1623 3419 D
1952 3365 2024 3415 sus
