2331 3585
141 1278 303 1352 ,3Γξιί
322 1302 324 1305 s
341 1279 532 1356 (4434)]
571 1294 606 1328 u
620 1295 654 1329 Μ
676 1277 871 1332 cimelii
895 1279 1001 1332 mei
1019 1280 1321 1337 evolverem
1343 1284 1524 1344 libros‚·
1542 1282 1681 1341 forte
1702 1287 1753 1339 in
1771 1289 2095 1362 Procopium

138 1324 227 1394 ἦ)
336 1345 535 1410 ζῑ““ῖ
561 1397 564 1398 ⁷
594 1355 781 1418 incidi,
814 1357 908 1429 qui
933 1356 998 1410 de
1036 1358 1289 1433 AEdificz'is
1310 1363 1636 1432 cijzssimsano
1657 1368 1954 1436 Imperatore
1991 1391 2095 1424 con-

288 1449 303 1472 ε
432 1428 526 1513 ,ffff
575 1434 773 1505 stratffiis
791 1433 1011 1489 brevem
1038 1436 1331 1494 admodum
1347 1443 1622 1495 contexuit
1647 1444 1968 1500 Tractatum
1988 1449 2093 1503 ani*

348 1518 364 1568 ,“
399 1551 413 1568 2
432 1503 446 1521 ’Δ
516 1508 542 1528 “
588 1531 740 1566 mum
769 1527 1055 1584 propterea
1094 1515 1163 1568 ad
1199 1522 1561 1590 Constasztilzmn
1598 1523 1845 1594 Magnum
1879 1529 2092 1597 Impera-

311 1587 352 1640 ..ξ
385 1659 402 1662 -
447 1572 538 1669 ,ἐξ
588 1607 732 1644 torem
750 1591 813 1644 de
828 1591 1125 1663 Republica
1150 1596 1451 1653 Christiana
1473 1599 1673 1670 optime
1691 1603 1948 1656 meritum
1966 1622 2088 1658 con-¹

461 1666 464 1667 ⁷
506 1666 522 1677 ’“
585 1668 1059 1743 verti3nullumque
1078 1673 1528 1751 Scriptorem,qui
1548 1677 1611 1730 de
1635 1681 1809 1733 Sacris
1827 1679 2087 1736 AEdificiis

117 1748 183 1800 ab
204 1746 389 1801 eodem
412 1746 716 1800 constructis
737 1747 1001 1815 peculiare
1021 1766 1153 1818 opus
1175 1756 1434 1809 exarandi
1468 1773 1656 1810 curam
1676 1755 1953 1830 susceperit
1994 1759 2087 1815 ad-

115 1826 314 1879 inveni.
340 1826 681 1897 Qapropter
694 1840 871 1893 operae
889 1823 1141 1893 praetium
1166 1827 1281 1883 fore
1302 1831 1436 1884 duxi
1457 1834 1581 1885 huic
1599 1833 1902 1902 singillatim
1919 1837 2086 1891 studio

113 1921 256 1957 meas
274 1900 560 1956 subsecivas
581 1899 825 1955 addicere
842 1901 1022 1959 horas,
1040 1919 1100 1955 ac
1122 1921 1183 1958 ea
1200 1923 1321 1978 quae
1340 1908 1404 1960 de
1427 1907 1620 1963 eisdem
1637 1912 1807 1965 Sacris
1823 1912 2082 1969 AEdificiis

115 1994 262 2035 tanto
284 1981 349 2033 ab
381 1981 712 2051 Imperatore
744 1977 896 2032 faciis
917 2017 932 2037 ,
963 1977 1182 2050 sparsim
1205 1983 1256 2035 in
1276 1986 1535 2040 nonnullis
1558 1988 1812 2058 leguntur
1832 1992 2083 2047 Auctori-

114 2061 208 2112 bus
229 2057 477 2127 colligere
502 2100 512 2110 .
534 2056 626 2110 Ad
643 2057 883 2110 laborem
901 2057 1041 2110 hunc
1059 2076 1118 2111 eo
1138 2062 1311 2130 magis
1331 2062 1721 2136 suscipiendum
1742 2085 1830 2120 me
1850 2071 2078 2131 accinxi,

111 2154 217 2211 quo
237 2136 407 2205 magis
428 2135 656 2190 alterum
671 2152 853 2188 meum
870 2152 1002 2207 opus
1019 2137 1283 2192 Veterum
1298 2143 1786 2207 Monimentorum‚
1801 2147 1945 2219 quod
1964 2166 2080 2219 prae

109 2215 352 2268 manibus
376 2215 545 2267 habeo
575 2213 833 2267 illustrare
874 2213 1012 2285 posse
1033 2216 1334 2275 arbitrabar
1355 2263 1366 2273 .
1401 2223 1553 2275 Dum
1575 2223 1659 2275 his
1698 2226 2078 2296 componendis

108 2309 255 2347 eram
279 2293 503 2346 intentus
522 2292 626 2345 Vir
645 2291 864 2366 quidam
886 2291 1041 2345 valde
1060 2294 1295 2352 eruditus
1317 2298 1386 2352 ad
1404 2316 1490 2353 me
1509 2299 1838 2355 invisendum
1857 2305 2077 2365 accessit,

109 2371 163 2425 δε
183 2387 269 2422 me
307 2369 437 2442 quid
475 2367 758 2423 scriberem
800 2367 1075 2424 sciscitanti
1097 2410 1113 2431 ,
1155 2372 1276 2429 dedi
1313 2375 1614 2449 responsum
1631 2417 1646 2438 ,
1688 2379 1939 2435 meditari
1980 2401 2072 2438 me

103 2448 449 2520 Imperatoris
471 2447 798 2503 Constantini
820 2448 962 2518 gesta
979 2449 1118 2503 circa
1143 2453 1328 2510 Sacras
1354 2454 1515 2509 AEdes
1538 2457 1590 2509 in
1604 2474 1771 2510 unum
1797 2460 1972 2513 unire.
1994 2461 2076 2515 At

105 2525 190 2579 ille
222 2526 470 2578 continuo
506 2523 775 2595 subiunxit
801 2567 811 2577 .
853 2525 1136 2582 Undenam
1175 2531 1291 2587 haec
1334 2534 1538 2603 colligis
1568 2537 1583 2585 ?
1625 2535 1731 2589 Cui
1769 2535 2073 2608 responsum

102 2602 339 2657 reddidi:
380 2602 558 2658 Multa
585 2604 636 2656 in
658 2602 944 2658 Occidente
980 2603 1096 2659 sunt
1121 2609 1366 2666 AEdificia
1400 2613 1464 2664 ab
1487 2610 1757 2667 Anastasio
1794 2615 2073 2670 Bibliothe-

104 2682 246 2735 cario
266 2678 516 2752 descripta
525 2682 648 2744 3alia
671 2681 802 2735 vero
826 2682 876 2734 in
903 2684 1121 2739 Oriente
1142 2688 1208 2741 ab
1225 2687 1464 2748 Eusebio,
1483 2689 1696 2764 aliisque
1715 2692 2068 2764 Scriptoribus

106 2758 306 2811 Graecis
328 2758 571 2814 indicata.
593 2760 687 2813 Ille
706 2760 837 2812 vero
859 2761 1054 2815 iterum
1075 2761 1373 2833 subjunxit.
1411 2770 1675 2842 Qaenam
1699 2766 1827 2823 fides
1853 2771 2070 2828 Anasta-

96 2837 170 2893 fio
204 2835 498 2907 praestanda
538 2836 606 2891 est
625 2875 641 2897 ‚
684 2839 777 2911 qui
806 2835 919 2908 post
956 2856 1216 2912 quatuor,
1242 2844 1294 2896 &
1315 2845 1454 2898 ultra
1497 2844 1665 2898 secula
1692 2847 2067 2904 aConstantini

97 2932 212 2970 aevo
234 2914 471 2987 Scriptor
494 2917 593 2969 fuit
613 2921 627 2969 ?
647 2917 791 2970 Huic
808 2917 1088 2988 inopinatae
1106 2918 1334 2974 censurae
1363 2921 1545 2976 addidi
1569 2943 1581 2976 :
1628 2925 1679 2977 Si
1696 2923 1824 2978 fides
1847 2927 2062 2982 Anasta-

96 2992 234 3047 fiano
254 2991 441 3046 Codici
461 2993 744 3047 auferenda
766 2992 846 3052 fit,
866 2993 1062 3064 magna
1076 3014 1145 3050 ex
1165 3012 1317 3069 parte
1339 2999 1688 3055 Ecclefiastica
1711 3004 1931 3077 antiqua
1944 3024 2059 3059 cor-

94 3084 214 3125 ruet
231 3068 444 3124 historia
471 3112 481 3122 .
524 3070 683 3126 Hisce
700 3072 754 3125 in
774 3073 1190 3128 controversiam
1208 3079 1407 3132 vocatis
1432 3117 1446 3137 ,
1479 3079 1736 3151 incoeptas
1758 3079 1956 3153 seposui
1980 3083 2058 3137 lu-

93 3149 420 3204 cubrationes
439 3187 455 3207 ,
478 3152 826 3224 animumque
847 3149 914 3203 ad
935 3150 1266 3206 Anastafium
1297 3156 1326 3207 a
1348 3173 1687 3230 quacumque
1718 3158 1933 3215 censura
1955 3179 2058 3232 pro

91 3227 229 3298 poffe
250 3224 628 3281 vindicandum
651 3227 838 3284 addixi
861 3247 872 3280 ε
896 3228 1040 3301 quod
1071 3230 1222 3285 brevi
1247 3237 1501 3305 temporis
1522 3233 1688 3306 spatio
1710 3235 1907 3291 absolvi
1930 3277 1945 3297 ,
1963 3257 2057 3310 pu-

89 3305 318 3376 blicique
349 3305 482 3372 juris
510 3304 645 3368 feci,
687 3303 794 3381 qua
823 3320 1001 3360 tamen
1037 3307 1226 3378 ignoro
1262 3310 1500 3369 fortuncii
1544 3314 1752 3368 Deinde
1793 3317 2056 3387 inceptam

1164 3389 1198 3441 b
1839 3393 1983 3450 AEdi-
