2331 3585
662 243 1052 294 CAPtt

1128 243 1178 293 T
1323 240 1428 291 IV.

1905 269 1996 297 101

1059 327 1094 366 A
1118 324 1280 375 vifitur
1303 327 1461 394 imago
1479 324 1683 388 ejusdem
1705 331 1854 375 Beatae
1871 331 2080 397 Virginis

267 399 695 453 SECTIO
769 400 895 447 XV.

101 548 171 595 De
210 544 408 594 Partibus
435 541 716 608 fitbterraneis
741 575 756 597 ,
778 539 888 606 five
925 536 1065 586 Sacris

243 616 418 681 Cryptis
458 613 668 661 Vaticanae
701 610 892 679 Bcfilicae
912 648 925 662 .

260 777 326 807 AM
352 757 587 807 interiores
605 790 620 812 ,
653 754 789 820 quarn
813 754 1064 803 exteriores

103 760 244 901 T
282 832 410 892 hujus
436 828 618 893 inclytae
641 823 840 875 Bafilicae
861 860 875 882 ,
902 827 1065 890 eique-2

100 908 350 966 adjacentes
380 897 578 948 fabricas
595 897 838 965 diligenter
855 895 1066 946 lustravi-

101 993 202 1023 mus
214 1011 230 1031 ,
245 987 380 1038 atque
409 968 754 1038 perpendimu8‚
769 962 1070 1017 narravimus-

1114 399 1302 454 Mariae,
1321 416 1418 463 quae
1438 398 1751 465 Unigenitum
1768 397 1917 447 filium
1936 399 2082 457 suum,

1114 487 1167 516 ac
1210 470 1470 521 Dominum
1509 469 1714 518 nostrum
1746 467 1910 537 Jesum
1951 473 2082 519 Chri·

1117 537 1234 591 stum
1257 542 1548 608 amplexatur
1569 577 1580 588 .

1192 628 1239 671 3.
1278 615 1388 661 Hoc
1428 615 1473 663 in
1509 613 1616 660 loco
1655 612 1848 677 antiquae
1882 610 2080 661 Bafilicae

1117 682 1447 752 ichnographia
1463 682 1640 752 depiffl
1656 682 1720 731 est
1740 718 1754 739 ,
1783 698 1836 730 ut
1851 700 1930 729 nos
1951 682 2081 750 supra

1117 754 1163 802 in
1176 755 1297 803 Tab.
1315 754 1809 805 VILexhibuimuan
1827 754 1925 803 aliis
1943 756 2082 802 etiam

1117 825 1248 888 hujus
1278 828 1509 894 Cappellae
1539 827 1650 873 locis
1673 862 1689 883 ,
1724 823 1968 893 praesertim
1996 827 2081 873 in„

1118 893 1291 946 fornice
1307 932 1323 955 ‚
1353 899 1430 964 qui
1454 896 1587 946 valde
1600 895 1814 946 demissus
1834 895 1912 953 est,
1929 910 2083 945 vetera

1119 970 1280 1018 altaria
1308 967 1529 1020 delineata
1557 984 1837 1024 cernuntur,
1874 966 1946 1016 sed
1976 985 2083 1015 cum

103 1063 190 1113 que
227 1046 379 1094 varios
439 1039 750 1091 Sanfiiffimos
781 1037 1020 1089 Pontifices
1052 1074 1100 1114 ,B
1121 1041 1198 1089 illa
1223 1046 1322 1104 jam
1340 1038 1471 1109 supra
1493 1038 1681 1089 diversis
1707 1043 1749 1088 in
1770 1038 1963 1089 Tabulis
2000 1056 2081 1086 nos

100 1113 338 1182 variosque
353 1110 710 1180 Augustiffirnos
733 1114 1062 1179 ImperatoreS,
1118 1110 1446 1161 ostenderimus
1464 1149 1480 1170 ,
1504 1131 1556 1160 ac
1577 1108 1944 1179 descripserimus
1962 1146 1976 1166 ,
2009 1108 2082 1157 hic

101 1184 370 1255 Regesque,
406 1199 539 1248 atque
579 1185 779 1252 Reginas
809 1218 825 1239 ,
879 1198 1057 1230 necnon

102 1257 311 1306 sublimes
331 1253 495 1305 diverii
520 1257 696 1322 generis
712 1251 920 1320 personas
938 1289 952 1310 ,
967 1271 1058 1302 non

1114 1198 1313 1251 repetere
1331 1186 1636 1252 incongruum
1652 1180 1748 1230 fore
1767 1197 1982 1249 putamus
2001 1217 2011 1228 .

1169 1267 1216 1316 4.
1236 1259 1502 1305 Marmorea
1520 1253 1750 1303 Benedicii
1769 1256 2082 1320 XII.imag0,

101 1328 250 1377 solum
283 1330 329 1375 in
365 1323 594 1382 aedificiis,
619 1340 752 1391 atque
794 1324 1059 1380 ornatibu8‚
1104 1331 1236 1390 juxta
1276 1324 1605 1394 quamsequens
1640 1326 1811 1392 legitur
1846 1322 2082 1390 inscriptio

101 1400 270 1448 verum
297 1400 431 1447 etiam
448 1397 492 1446 in
516 1395 701 1445 dotibus
717 1431 733 1453 ,
761 1411 893 1463 atque
922 1396 1061 1445 dona-

102 1474 179 1519 riis
214 1485 401 1539 magnas
441 1469 736 1534 pecuniarum
764 1469 809 1515 in
841 1466 1059 1515 sumendo

102 1541 326 1597 summas,
350 1538 469 1606 quasi
489 1536 671 1586 certasse
691 1574 701 1586 .
740 1542 814 1586 Ne
831 1540 976 1608 igitur
991 1553 1061 1586 tot

102 1610 421 1680 religiosorum
438 1646 452 1667 ,
483 1613 755 1676 piorumque
780 1611 1060 1659 hominum

101 1687 268 1752 periret
281 1683 504 1731 memoria
522 1681 646 1729 varia
663 1678 790 1729 fuere
806 1683 953 1730 eresia
965 1698 1062 1728 mo-

101 1756 300 1803 nimenta
318 1790 332 1810 ‚
369 1772 466 1819 quae
494 1753 539 1800 in
570 1753 735 1800 veteris
764 1751 961 1800 Basilicas
986 1751 1062 1798 de-

1111 1399 1250 1446 etiam
1269 1416 1499 1446 marmore
1518 1394 1740 1462 insculpta
1760 1432 1775 1452 ‚
1800 1395 1961 1460 nempe
1982 1430 1992 1440 .

1186 1488 1230 1531 5.
1271 1467 1532 1516 Penedifi‘us
1565 1465 1685 1516 ΧΠ..
1723 1466 1837 1531 Papa
1873 1464 2084 1531 Tholofh·

1111 1560 1186 1587 nus
1199 1539 1426 1606 ſscitfieri
1453 1540 1502 1587 de
1533 1558 1646 1587 novo
1665 1537 1776 1586 tecfla
1801 1539 1920 1600 hujus
1955 1533 2085 1602 “Bast-

1111 1613 1200 1660 licae
1219 1611 1300 1677 fitb
1332 1629 1398 1659 cm.
1438 1611 1614 1657 Domini
1653 1608 1719 1657 N.
1760 1603 2081 1658 MCCCXLI.

1111 1682 1321 1749 Magister
1337 1682 1490 1730 Paulus
1503 1683 1552 1730 de
1567 1679 1684 1729 Senis
1702 1700 1764 1728 me
1765 1679 1878 1747 ficit
1899 1717 1910 1728 .

1185 1759 1254 1804 De
1284 1755 1364 1803 hac
1382 1755 1584 1822 imagine
1602 1750 1889 1801 disseruimus
1908 1747 2083 1818 supra.

101 1827 339 1874 molitione
370 1827 537 1890 partim
564 1822 716 1871 diruta
733 1858 747 1879 ,
774 1828 943 1890 partim
970 1822 1101 1870 alioC
1115 1823 1195 1873 sub
1215 1844 1340 1873 num.
1362 1828 1446 1888 48.

99 1895 313 1946 distrafflm
329 1892 462 1952 sunt3
492 1892 540 1944 ὃς
558 1913 610 1942 ne
629 1913 681 1943 ex
700 1895 781 1943 hac
800 1896 1061 1943 demolitio-

102 1986 157 2016 ne
186 1966 283 2035 ipsa
300 1968 583 2014 monimenta
605 1968 649 2015 in
667 1964 913 2015 oblivionis
940 1980 1062 2014 tene-

104 2039 193 2088 bris
232 2036 546 2087 delitescerent
571 2073 585 2095 ,
617 2037 720 2103 pia,
753 2038 1059 2106 peculiarique

102 2115 426 2159 Romanorum
456 2107 735 2158 Pontificum
765 2145 780 2165 ,
811 2108 1055 2177 praeserrirn

101 2183 231 2230 Pauli
255 2186 315 2230 V.
332 2179 588 2248 vigilantia,
605 2181 681 2228 illa
697 2181 741 2227 in
759 2178 1058 2230 subterraneis

100 2251 299 2314 ejusdem
327 2250 526 2299 Balilicae
554 2249 788 2318 partibus,
818 2270 916 2318 quae
940 2271 1058 2300 nunc

101 2327 290 2390 Cryth
302 2319 802 2378 denominantur‚sue“:re
817 2325 1057 2372 collocata.

100 2397 256 2460 Qare
271 2412 349 2441 nos
365 2429 378 2450 ‚
403 2407 454 2441 ut
473 2391 724 2441 curiosltati
737 2392 874 2443 simul
890 2431 906 2453 ,
921 2414 972 2443 ac
987 2398 1058 2463 pie

100 2466 303 2514 Lecioris
320 2465 556 2512 devotioni
574 2461 899 2514 satisfaciamus
916 2503 932 2524 ‚
950 2485 1060 2514 non-

101 2537 226 2584 nulla
259 2534 504 2603 insigniora
536 2537 852 2594 monimenta,
886 2555 983 2602 quae
1016 2540 1061 2585 in

1180 1905 1230 1943 6.
1272 1900 1433 1947 Statua
1457 1912 1716 1943 marmorea
1746 1899 1792 1945 S.
1815 1898 2006 1945 Petrum
2022 1889 2083 1940 se-

1111 1966 1294 2016 dentem
1314 1963 1628 2034 repraesentans
1646 2002 1660 2022 ,
1682 1981 1733 2014 ut
1749 1965 1811 2014 est
1830 1966 1908 2014 illa
1933 1981 2051 2011 aenea
2068 1998 2082 2021 ,

1112 2058 1209 2105 quae
1241 2036 1444 2106 superius
1475 2036 1530 2086 ad
1561 2035 1750 2104 praesens
1772 2040 1818 2084 in
1849 2033 2080 2086 Bafilica„

1112 2112 1315 2159 cernitur
1336 2147 1346 2157 .
1387 2111 1522 2159 Olim
1548 2123 1650 2157 ante
1678 2109 1876 2176 Regiam
1891 2111 2079 2169 januam

1112 2181 1270 2239 stabat,
1287 2180 1333 2232 <Sc
1352 2178 1616 2241 inejusdem
1639 2184 1685 2230 S.
1708 2180 1827 2229 Petri
1846 2176 1957 2225 festo
1980 2178 2084 2225 Plu-

1112 2254 1221 2301 viali
1241 2290 1255 2311 ,
1278 2271 1329 2301 ac
1348 2255 1493 2302 Mitra
1508 2288 1521 2309 ,
1546 2249 1808 2316 caeterisque
1830 2246 2084 2297 sacerdota-

1112 2324 1229 2374 libus
1271 2323 1544 2373 indumentis
1593 2324 1744 2370 ornari
1800 2323 1938 2368 etiam
1979 2335 2080 2366 mos

1112 2410 1209 2444 erat
1229 2432 1240 2442 .
1281 2400 1350 2443 De
1367 2397 1448 2443 hac
1482 2412 1561 2441 nos
1581 2391 1711 2459 supra
1738 2393 1875 2440 locuti
1900 2388 2082 2447 sumus,

1113 2467 1187 2515 ubi
1208 2466 1263 2515 de
1283 2468 1401 2514 atrio
1417 2467 1546 2528 hujus
1566 2462 1765 2513 Bafilicae
1791 2464 1971 2530 egimus
1989 2496 2001 2506 .

1189 2557 1234 2597 7.
1276 2540 1594 2585 Marmoreum
1635 2531 1947 2600 fragmentum
1983 2566 1998 2588 ,
2034 2532 2080 2578 in

104 2605 267 2652 eisdem
299 2620 451 2654 extant
481 2607 676 2672 Cryptis
695 2642 710 2664 ‚
742 2607 969 2673 hodieque
996 2612 1062 2657 vi·
1116 2627 1207 2674 quo
1236 2610 1460 2656 memoria
1481 2608 1681 2656 Concilii
1710 2604 1851 2653 habiti
1883 2603 1962 2650 hac
1997 2604 2082 2649 in„

100 2674 297 2733 suntur,
335 2676 692 2742 eorumdemque
727 2692 964 2745 propterea
1000 2680 1273 2734 lo-Deadem
1309 2677 1497 2727 Basilica
1529 2694 1645 2725 anno
1668 2694 1784 2737 732.
1810 2675 1834 2722 a
1869 2671 2079 2723 Sancfiiss.

101 2765 264 2796 corum
285 2783 299 2804 ‚
338 2762 470 2812 atque
499 2751 789 2813 Cryptarum
824 2750 1062 2817 ichnogra-
1115 2749 1336 2800 Pontifice
1356 2749 1590 2816 Gregorio
1610 2749 1708 2795 III.
1728 2760 1887 2793 contra
1915 2761 2081 2812 negan-

99 2820 255 2886 phiam
278 2820 546 2884 exponimus
567 2820 610 2865 in
632 2818 928 2870 '‘sab-XXV.
1114 2836 1180 2869 tes
1196 2819 1339 2868 sacras
1364 2821 1613 2885 Imagines,
1633 2819 1786 2864 caelata
1805 2813 1934 2871 effi&
1957 2813 2081 2880 quod,

178 2910 219 2938 1.
258 2908 384 2938 num.
411 2886 630 2957 Designat
644 2892 916 2939 Oratorium
932 2927 947 2947 ‚
973 2889 1062 2939 five
1115 2893 1139 2939 a
1156 2890 1373 2957 temporis
1389 2889 1609 2937 edacitate
1629 2885 1861 2937 servatum
1878 2883 1966 2934 fuit
1980 2922 1995 2943 ,
2023 2883 2082 2934 se-

104 2963 377 3028 Cappellam
397 2958 666 3008 Beatiffimae
685 2963 890 3029 Virginis
907 2964 1060 3024 Marie
1114 2980 1253 3020 quens
1269 2959 1330 3008 est
1346 2996 1358 3007 .

101 3033 312 3081 Porticus
330 3067 344 3087 ,
373 3028 432 3078 sic
469 3031 595 3078 diotae
613 3066 625 3086 ,
658 3033 761 3096 quia
794 3030 910 3080 infra
940 3035 1063 3079 colu·
1130 3022 1141 3028 -
1181 3032 1305 3080 Petro
1326 3067 1338 3086 ‚
1356 3031 1615 3094 Theophano
1634 3065 1647 3086 ,
1680 3029 1821 3096 Sergio
1835 3065 1849 3086 ‚
1865 3028 2049 3084 Iordane
2066 3065 2081 3085 ,

101 3118 228 3150 mnas
261 3106 472 3151 Porticus
514 3104 681 3149 veteris
719 3101 918 3150 Basilica?
949 3104 1062 3150 olim
1103 3102 1179 3168 stu
1213 3102 1434 3158 Jolmmze.
1476 3100 1752 3168 Adstcmcibus
1784 3119 1936 3168 quoque
1973 3100 2082 3146 Dia-

99 3172 311 3221 extabat.
350 3176 458 3239 Qa
486 3173 541 3221 de
565 3191 609 3221 re
630 3169 727 3221 fuse
753 3174 918 3224 citatus
943 3176 1060 3223 Tur·
1116 3172 1280 3220 canibus
1298 3211 1309 3221 .
1350 3172 1527 3238 Moscho
1560 3173 1870 3220 Archidiacono
1888 3207 1902 3228 ,
1921 3169 2081 3218 Zacca-

99 3245 243 3312 rigius
259 3260 364 3310 pag.
385 3264 405 3304 3
421 3263 461 3303 3.
1111 3249 1179 3292 ria
1205 3280 1219 3301 ,
1246 3244 1437 3300 Iohanne
1464 3279 1478 3300 ,
1520 3244 1841 3310 Theophulaffo
1868 3277 1882 3297 ,
1918 3258 2080 3306 atqua,

171 3334 218 3364 2.
257 3317 420 3364 Altare
446 3314 617 3365 ibidem
637 3313 825 3366 existens
846 3352 860 3373 ,
900 3318 945 3364 in
971 3333 1060 3380 quo
1111 3316 1327 3365 Gemmulo
1345 3352 1360 3374 ,
1382 3316 1465 3366 ‘vel
1479 3315 1617 3363 cunHo
1642 3316 1765 3364 Clero
1783 3350 1794 3362 .
1828 3310 2080 3377 Amffas‘hts

1823 3383 1886 3430 D.
1904 3382 2009 3432 Gre-
