2331 3585
307 168 403 221 164

583 157 704 205 DE
781 153 1186 206 SACRIS
1254 153 1872 205 AEDIFICIIS

234 260 340 295 cum
357 283 372 303 ,
395 246 497 312 quia
518 241 826 309 frequentibus
846 280 860 302 ,
888 243 935 294 <Sc
953 243 1096 294 densis
1112 259 1208 293 erat
1222 246 1255 286 A

234 317 401 366 consita
434 316 690 382 quercubus
710 348 720 362 .
758 316 852 365 Hic
882 315 1207 383 praeclariffimi

233 389 505 439 Patriarchae
523 385 760 435 Abrabam
777 424 792 446 ,
817 385 943 434 Isaac
958 423 972 444 ,
1000 387 1206 455 &jacob

232 459 322 508 suis
342 476 448 507 cum
464 455 710 510 Uxoribus
726 493 742 514 ,
761 456 950 524 aliisque
977 460 1104 507 Viris
1136 459 1208 505 ha-

233 530 468 587 bitarunt3
518 545 655 594 quam
695 528 754 577 ob
793 526 984 577 istorum
1016 531 1207 578 Patriar-

234 603 425 649 charum
455 598 662 668 egregios
689 618 703 656 3
740 614 878 666 atque
910 598 1205 649 sanctissimos

231 690 381 721 mores
399 672 644 736 inclytam,
664 669 912 719 illustriore
928 689 1049 737 nque
1065 673 1204 720 etiam

231 743 419 791 reddere
453 739 624 790 studuit
652 741 799 790 noster
840 741 1165 791 Constantinus
1189 775 1204 798 ,

232 830 407 882 magnae
437 810 749 880 amplitudinis
785 812 876 861 aede
907 811 967 860 ibi
1007 813 1206 861 constru-

231 885 334 942 sta,
368 887 557 949 locoque
586 882 710 951 priris
729 883 784 931 ab
804 886 930 932 omni
961 885 1200 951 prophanae

1408 318 1451 364 C
1492 320 1535 363 A
1576 319 1611 366 P
1648 321 1696 366 V
1734 321 1777 365 T
1852 320 2079 368 XXVII.

1421 456 1490 504 De
1520 457 1641 509 Eccle
1659 476 1699 506 m
1728 455 1881 507 5272&ae
1909 458 2068 525 Sophiae

1531 528 1921 595 Constantinopoleos
1940 567 1950 579 .

1258 670 1633 858 QANTA
1681 670 1863 738 piiffimi
1896 707 1911 728 ,
1956 691 2007 719 ac
2051 675 2228 742 religio·

1450 740 1602 789 fiffimi
1657 746 1952 809 Imperatoris
2009 745 2228 793 Constan-

1484 815 1565 860 tini
1594 815 1758 882 Magni
1791 832 1899 861 cura
1930 812 2066 862 fuerit
2097 816 2141 861 in
2168 832 2232 864 re-

1253 887 1425 952 ligione
1461 883 1715 934 Christiana
1748 883 1879 932 sacris
1911 921 1925 942 ,
1964 904 2014 932 ac
2048 884 2233 933 munifi·-¹

230 953 556 1022 superstitionis
582 990 597 1011 ,
626 954 958 1005 &idololatriae
981 954 1081 1003 labe
1097 973 1202 1022 pur·
1220 955 1515 1030 Bcentiffimis
1543 953 1740 1004 aedificiis
1773 954 2063 1013 illustranda,
2095 954 2235 1016 satis,

229 1041 369 1094 gato.
400 1023 547 1074 Porro
567 1023 844 1094 saepecitatus
871 1024 1090 1073 Eusebius
1119 1028 1203 1073 in-‚
1253 1024 1472 1092 superque
1505 1025 1715 1073 haetenus
1749 1025 2105 1075 demonstratum
2142 1026 2226 1076 effe

230 1095 428 1159 ejusdem
466 1094 754 1144 Constantini
784 1095 875 1143 vita
911 1095 990 1144 lib.
1027 1114 1073 1157 3,
1103 1114 1202 1162 cap.

234 1185 314 1229 53.
355 1167 488 1228 hujus
526 1165 726 1215 Bafilicae
763 1164 1110 1215 aedificationem
1143 1167 1201 1215 fic

228 1238 368 1286 tradit
401 1257 412 1284 :
468 1236 603 1286 Locus
639 1240 715 1287 ille
756 1241 830 1305 qui
866 1236 926 1285 ad
953 1237 1203 1308 Qerczmz„

227 1307 431 1359 Mambre
461 1313 684 1357 ‘vocitatur
702 1343 717 1366 ,
750 1314 795 1356 in
813 1327 888 1376 quo
915 1309 1202 1359 Abrahamum

226 1378 433 1446 habitaſje
464 1384 760 1445 comperimus,
779 1379 935 1446 firtur
961 1385 985 1429 τὶ
1004 1381 1206 1447 [ἰιρενβί-

226 1451 344 1519 ticfis
384 1450 623 1517 quibustlam
666 1450 899 1499 hominibus
940 1457 1049 1500 omni
1086 1453 1203 1500 modo

229 1527 499 1570 contaminari
530 1558 541 1570 .
587 1521 705 1571 Nam
747 1529 800 1571 69²
827 1521 1060 1588 simulacra
1097 1527 1205 1572 omni

226 1594 354 1660 dtgna
389 1594 525 1639 exitio
562 1597 691 1654 juxta
735 1595 857 1641 illam
901 1595 1086 1643 arborem
1121 1614 1204 1641 ere-

228 1665 294 1712 Ha
330 1663 405 1730 effi
423 1697 438 1719 ,
469 1670 523 1711 ὅ
557 1680 672 1711 aram
698 1668 893 1729 proxim&
925 1666 1169 1729 exstruflam
1189 1701 1204 1722 ,

1254 1096 1528 1144 crediderim
1545 1132 1559 1152 ,
1589 1095 1890 1145 Ecclefiarum
1909 1113 2001 1145 tam
2025 1100 2066 1144 in
2085 1100 2225 1146 Occi-

1253 1167 1416 1225 dente,
1448 1168 1589 1233 quam
1613 1169 1657 1213 in
1691 1168 1917 1215 Palaestina
1950 1168 2228 1216 construcia-

1256 1257 1359 1287 rum
1392 1241 1712 1294 enarratione,
1750 1256 1844 1303 quae
1881 1238 2230 1298 validissuma-,3

1256 1311 1576 1375 luculentaque
1623 1308 1845 1377 Augustae
1880 1311 2059 1376 pietatis
2105 1308 2229 1358 testi-'

1255 1383 1408 1428 monia
1425 1378 1508 1428 else
1524 1377 1705 1446 possunt
1727 1416 1737 1426 .
1776 1384 1844 1429 At
1876 1378 1907 1428 fi
1940 1380 1995 1428 ad
2021 1399 2069 1427 ea
2089 1415 2103 1437 ,
2134 1400 2228 1445 quae

1256 1448 1371 1499 infra
1395 1452 1563 1499 dicturi
1597 1448 1749 1499 sumus
1768 1487 1782 1508 ,
1816 1453 2016 1499 animam
2044 1469 2231 1499 conver-

1254 1536 1404 1570 tamus
1422 1558 1435 1578 ,
1470 1522 1581 1570 nihil
1599 1557 1613 1578 ,
1634 1535 1712 1569 aut
1726 1522 1889 1588 parum
1909 1525 1950 1569 in
1970 1521 2102 1570 sacris
2127 1522 2228 1570 aedi-

1254 1591 1365 1640 ficiis
1384 1591 1473 1660 ipse
1496 1596 1754 1659 Imperator
1780 1592 2052 1641 allaboravit
2069 1630 2084 1650 ,
2120 1593 2226 1641 cum

1255 1665 1341 1711 alia
1365 1681 1559 1711 numero
1581 1698 1595 1719 ,
1626 1662 1965 1730 magnificentia
1985 1701 2000 1721 ,
2030 1678 2192 1712 ornatu
2213 1699 2228 1721 ,

226 1742 280 1783 ἐφ’
313 1739 473 1799 impura
494 1734 709 1799 fizcrz'ficia
739 1735 889 1799 affiduc}
916 1737 1391 1803 illicperagi,Catque
1450 1734 1622 1783 divitiis
1657 1732 1903 1782 illustriora
1951 1737 1994 1782 in
2042 1736 2229 1801 Regia-3

226 1804 286 1853 ad
311 1824 380 1852 nos
415 1805 592 1851 relatum
621 1806 671 1871 est
705 1840 722 1852 ,γ
762 1804 899 1876 ,Quod
925 1811 1112 1874 quoniam
1152 1813 1203 1854 &

226 1877 403 1924 alienum
446 1878 471 1923 c}
497 1875 747 1940 temporibus
774 1880 919 1944 nostris
939 1913 954 1934 ,
988 1885 1041 1926 Εἴ
1075 1876 1202 1945 ipsius

225 1948 307 1995 loci
351 1945 633 2012 scmffimoniss
703 1947 916 2015 indignum
989 1949 1168 1998 videtur
1187 1985 1201 2005 ,

214 2019 328 2084 sciat
355 2020 561 2084 gravitas
591 2019 733 2083 vestra
756 2022 993 2067 mandatum
1025 2025 1048 2068 ἃ
1084 2019 1200 2067 nobis

227 2088 302 2154 ff
313 2102 388 2152 per
403 2089 552 2135 literas
571 2087 726 2136 Acacio
744 2094 855 2139 *viro
875 2090 1171 2158 perfeffziffirrzo
1187 2129 1202 2150 ,

226 2162 370 2206 comiti
388 2194 402 2215 ,
435 2166 487 2207 c&
525 2164 653 2206 amico
679 2162 836 2225 nostro,
868 2179 914 2209 ut
949 2162 1030 2218 fine
1071 2164 1202 2212 ulla,

225 2231 426 2278 dilatione
442 2262 456 2285 ,
486 2235 539 2276 ἐφ’
555 2230 786 2296 stmulasra
811 2237 945 2281 omnia
963 2269 978 2290 ,
1006 2251 1092 2300 qztae
1120 2253 1201 2281 me-

226 2316 385 2348 morato
415 2304 460 2346 in
489 2300 576 2346 loco
604 2317 766 2364 reperta
784 2303 945 2368 fixerint
961 2328 979 2360 ,¹
1006 2309 1096 2370 igni
1119 2322 1203 2352 tra-

226 2373 378 2419 dantur
396 2404 411 2427 ,
438 2376 491 2418 Εἴ
534 2388 607 2418 ara
621 2372 822 2437 fimditus
854 2391 1109 2424 evertatur:
1140 2392 1203 2423 ut-

220 2457 320 2508 pote
357 2461 488 2488 omnes
519 2476 533 2498 ‚
577 2448 647 2509 qui
674 2445 760 2509 post
774 2446 1000 2509 jbgfflonem
1030 2447 1202 2513 nostram

226 2518 399 2579 impium
451 2514 621 2580 aliquid
666 2516 887 2564 admittere
940 2522 985 2565 in
1028 2538 1070 2564 eo
1115 2519 1202 2565 loco

1257 1807 1465 1853 Orientis
1484 1804 1619 1857 Urbe
1639 1840 1653 1860 ,
1671 1822 1809 1870 quam
1831 1806 2021 1871 Imperii
2043 1805 2104 1854 sui
2125 1824 2230 1853 con-

1256 1874 1400 1924 stituit
1418 1874 1582 1924 Sede'm
1605 1911 1618 1931 ,
1648 1874 1940 1924 aedificaverit
1958 1913 1968 1923 .

1327 1946 1402 1994 Ab
1434 1944 1768 2014 Augustiffimo
1800 1952 2038 2013 propterea
2074 1951 2120 1996 S.
2145 1951 2227 1996 So-

1254 2019 1367 2084 phiae
1384 2021 1576 2083 templo,
1593 2032 1688 2084 tam
1707 2036 1786 2085 per
1803 2019 2063 2074 Orientem,
2083 2019 2224 2083 quam

1255 2106 1332 2155 per
1351 2088 1657 2135 Occidentem
1678 2088 1977 2137 celeberrimo
1995 2125 2009 2146 ,
2040 2090 2224 2136 initium

1255 2158 1474 2208 sumimus
1496 2195 1506 2205 .
1539 2164 1592 2206 In
1618 2164 1710 2220 ejus
1744 2173 1896 2207 autem
1926 2158 2227 2226 descriptione

1253 2231 1504 2296 plurimum
1537 2232 1756 2296 temporis
1786 2266 1800 2286 ,
1832 2228 1879 2279 ὅ(
1915 2230 2078 2276 laboris
2114 2228 2226 2278 insu-

1254 2318 1375 2348 mere
1395 2299 1693 2356 deberemus,
1730 2298 1808 2347 nifi
1837 2318 1916 2347 nos
1951 2297 2086 2365 longe
2116 2319 2221 2366 pra:-

1254 2367 1437 2420 ceffiffet
1469 2369 1797 2419 eruditiffimus
1831 2375 1909 2419 Du
1946 2375 2107 2438 Cange
2143 2373 2225 2418 im

1255 2443 1332 2492 sua
1358 2441 1755 2508 Constantinopoli
1778 2438 2033 2491 Christiana
2065 2441 2142 2488 lib.
2180 2460 2226 2502 3.

1256 2528 1358 2582 pag.
1381 2530 1424 2574 5.
1445 2513 1520 2561 ubi
1543 2510 1638 2560 fuse
1660 2510 1898 2560 Basilicam
1917 2513 2029 2559 hanc
2049 2546 2064 2567 ,
2085 2510 2223 2559 illius-

227 2582 532 2651 aufisuerint,
561 2584 700 2632 debito
707 2586 916 2651 sitpplz'cio
936 2590 1343 2654 efficiantur-nque
1398 2582 1610 2631 describit
1658 2596 1804 2650 partes
1834 2618 1849 2639 ‚
1901 2580 1948 2632 ὅ(
1987 2582 2226 2650 ichnogra-

227 2658 374 2728 Qem
412 2654 572 2720 quidem
605 2656 736 2703 locum
760 2671 865 2722 puro
889 2657 1093 2725 “Bcfilicf
1117 2661 1202 2718 fdi-

212 2727 319 2792 ficio
359 2729 558 2772 exornari
595 2731 859 2791 praecepimus
890 2764 905 2785 ,
949 2745 995 2776 ut
1036 2731 1202 2778 idoneus

218 2797 378 2861 fimfZis
422 2797 538 2845 Viris
574 2797 767 2864 confbffits
799 2799 1001 2867 efficiatur
1037 2837 1047 2848 .
1098 2805 1201 2850 De„

231 2868 396 2916 eodem
431 2869 516 2915 hoc
555 2872 726 2936 templo
761 2871 1050 2937 Nicephorus
1078 2871 1202 2921 diffe-

230 2940 291 2985 rit
316 2938 393 2986 lib.
420 2941 465 2986 8.
486 2957 584 3006 cap.
619 2958 699 3000 30.
726 2940 772 2990 ἃ
791 2941 1089 3008 Qaresmius
1118 2945 1203 2993 in-‚

233 3008 549 3058 Elucidatione
587 3012 744 3060 Terrae
776 3013 951 3062 Sanctae
978 3016 1121 3063 Tom.
1156 3035 1201 3066 2.

232 3077 312 3127 lib.
331 3087 380 3127 6.
398 3097 495 3146 cap.
513 3099 558 3141 3.
574 3100 711 3150 quare
731 3085 961 3134 calamum
978 3083 1081 3134 sisto
1101 3122 1111 3134 .

1256 2656 1409 2722 phiam
1432 2690 1446 2711 ,
1485 2672 1657 2702 necnon
1692 2655 1987 2709 interiorem,
2025 2666 2224 2701 exterio-

1253 2738 1438 2791 remque
1478 2723 1766 2793 prospeciun]
1796 2721 1975 2771 exhibet
2004 2759 2014 2770 .
2051 2725 2226 2787 Qam-

1252 2796 1411 2846 obrem
1437 2815 1518 2854 ea,
1550 2812 1646 2862 quae
1675 2814 1730 2843 ex
1761 2792 2022 2857 hujusmodi
2056 2792 2221 2841 celebri

1253 2868 1555 2917 delibavimus
1574 2869 1678 2914 viro
1695 2902 1710 2923 ,
1738 2868 1888 2932 accipe
1910 2901 1920 2912 .

1325 2939 1445 2987 Tam
1464 2938 1509 2985 in
1530 2938 1721 2985 Oriente
1739 2971 1753 2993 ,
1779 2937 1914 3001 quam
1930 2937 1975 2982 in
1996 2933 2222 2982 Occiden·

1255 3024 1301 3058 te
1337 3010 1604 3072 inclytum,
1638 3004 2085 3076 augustiflimumque
2112 3021 2222 3052 rem-

1257 3082 1384 3148 plum
1416 3079 1501 3125 hoc
1536 3078 1558 3124 22
1589 3076 1738 3125 nostto
1766 3079 2048 3142 Imperatore
2080 3080 2228 3124 S.So-·

1257 3152 1369 3220 phiae
1386 3185 1400 3206 ,
1418 3145 1590 3195 scilicet
1609 3149 1788 3196 Divinae
1806 3147 2040 3213 Sapientia:
2059 3181 2075 3203 ,
2103 3146 2221 3194 dica-

1256 3238 1354 3271 tum
1373 3255 1389 3279 ,
1421 3237 1472 3268 ac
1490 3218 1780 3270 Patriarchali
1800 3218 1969 3267 honore
1999 3217 2220 3266 donatum

2036 3285 2149 3344 fuit3
