2331 3585
264 322 632 379 AEdificiorum
653 320 952 395 reaffumpfi
975 317 1379 397 descriptionem
1399 357 1415 380 ,
1439 336 1666 395 eamque
1685 320 1754 377 ad
1769 321 1909 376 hunc
1927 359 1943 382 ,
1969 337 2135 396 quem
2156 320 2229 373 vi-

254 403 344 456 des
369 400 601 474 perduxi
624 399 798 455 finem.
823 402 959 455 Haec
977 403 1309 472 praemittere
1325 397 1648 459 existimavi,
1670 414 1729 454 ut
1747 399 1787 454 fi
1804 418 1930 455 cum
1949 400 2146 454 Amico
2160 398 2227 452 ri-

256 480 413 550 gidus
436 478 501 533 fis
522 477 702 532 censor
721 518 738 539 ‚
768 476 963 552 hosque
981 497 1131 532 meos
1154 480 1360 533 labores
1392 475 1573 551 aliqu&
1595 477 1824 532 censurae
1849 475 1974 532 notai
2014 479 2226 530 inurere

257 558 573 616 volueris,eo
592 559 718 630 quia
739 558 968 610 Librum
989 555 1378 615 Pontificalem,
1395 554 1501 609 five
1524 557 1998 611 Bibliothecarium
2020 554 2225 609 secutus

255 635 351 688 lim
375 637 395 696 ς’
413 634 638 689 utillum
664 635 840 706 prius,
859 647 1148 706 antequam
1166 634 1234 687 ad
1249 632 1521 688 censuram
1537 632 1779 688 devenias
1800 649 1850 689 te
1881 634 2027 704 legas
2049 649 2184 702 rogo
2208 670 2224 692 2

255 712 446 767 deinde
468 728 559 767 tuo
576 729 676 784 pro
690 712 837 767 libito
856 711 1215 780 dijudices.Ne
1230 713 1440 766 mireris
1465 712 1625 766 etiam
1647 713 1779 767 duas
1797 714 1922 766 huic
1938 730 2059 765 rneo
2076 711 2227 782 operi

257 788 544 863 apposuiffe
595 791 1005 863 nuncupatorias
1050 790 1302 863 Epistolas
1359 790 1583 845 alteram
1638 790 1934 845 Beatiffimo
1984 786 2226 843 Pontifici

253 871 337 923 IN
348 866 750 925 NOCENTIO
792 870 916 924 XII.
959 870 1183 925 alteram
1222 869 1356 922 vcro
1399 867 1726 923 Eminentiss.
1769 870 1823 922 ὅ(
1858 864 2223 922 Reverendiss.

255 948 327 1001 D.
352 946 573 1003 CAROLO
602 945 891 1002 CARDJNALt
922 946 1214 1001 BARssEmNo
1233 985 1249 1006 ,
1291 947 1417 1019 quia
1453 945 1820 1001 Ecclefiasticae
1855 945 2106 1000 Historiae
2149 945 2220 998 in-

255 1024 390 1093 clyti
412 1018 702 1075 collestoris
719 1019 1020 1077 Cardinalis
1044 1019 1260 1077 Baronii
1284 1039 1495 1078 morem
1531 1024 1734 1079 secutus
1763 1024 1877 1079 sum
1898 1063 1913 1084 ‚
1951 1025 2036 1078 cui
2063 1024 2114 1076 in
2134 1021 2227 1076 sm-

255 1101 398 1171 gulis
415 1098 547 1168 pene
563 1094 781 1153 suorum
801 1098 1094 1154 Annalium
1107 1103 1266 1155 tornis
1286 1101 1398 1174 post
1423 1104 1646 1156 Summo
1671 1101 1915 1158 Pontifici
1937 1100 2227 1174 Epistolam

252 1188 616 1245 nuncupatam
638 1216 654 1236 ,
674 1176 897 1231 alteram
918 1177 1071 1230 alicui
1088 1195 1158 1230 ex
1182 1181 1516 1251 Presbyteris
1542 1218 1558 1240 ,
1582 1179 1668 1235 seu
1690 1182 1945 1236 Diaconis
1963 1179 2225 1236 Cardina-

253 1257 391 1308 libus
410 1252 703 1308 exscribere
726 1253 1042 1324 placuit5nos
1061 1272 1347 1328 propterea
1367 1272 1518 1313 tanto
1543 1259 1704 1313 Orbis
1726 1257 2229 1315 ChristianiPrinci-

247 1334 304 1406 pi
327 1368 343 1392 ,
367 1332 422 1384 ὃ(
439 1332 595 1401 hujus
618 1333 897 1388 Vaticanae
919 1332 1153 1390 Bafilicae
1175 1335 1473 1407 dignissimo
1513 1338 2009 1410 Archipresbytero
2041 1335 2219 1390 dicare

251 1410 675 1467 existimavimus
700 1452 711 1464 .
754 1411 892 1466 Vale
917 1453 928 1463 .

2067 3332 2153 3386 Ad
