2331 3585
702 157 1215 215 CAPUT
1329 161 1425 211 VI.

1910 187 2000 231 113

74 263 242 294 novare
278 242 491 293 auderet.
525 242 734 311 Idipsum
766 242 918 291 nostro
942 245 1080 291 aevoA
1095 258 1198 290 rent
1233 281 1248 299 ‚
1301 258 1433 292 tantae
1462 280 1476 302 ,
1529 259 1713 313 tamque
1753 247 1936 298 affiduae
1970 256 2074 320 plu·

72 320 116 364 in
137 314 343 365 Ecclefiis
374 312 770 383 Jurispatronatus
809 312 1043 363 observari

75 386 481 436 animadvertimus
505 421 518 442 ,
557 386 662 434 cum
702 404 755 433 ne
793 387 1040 432 minimum

74 458 265 513 quidem
284 460 327 504 in
359 455 525 503 eisdem
547 456 692 504 insciis
727 458 932 505 Patronis
956 457 1039 502 im-

74 515 243 577 mutari
266 530 442 576 valeat.
478 530 634 596 Igitur
668 527 774 575 cum
804 526 960 574 eadem
993 530 1039 574 S.

74 599 305 647 Laurentii
335 597 518 646 Basilica
539 617 623 646 una
645 617 696 646 ex
717 601 767 645 iis
786 595 914 654 elset,
932 615 1040 663 quas

77 667 398 718 Constantinus
430 685 660 725 erexerat,
696 670 1040 718 Valentinianus

75 744 170 799 ejus
194 737 413 789 succeffor
436 739 590 805 Xysto
611 738 819 788 Pontifici
837 776 850 796 ,
873 755 922 787 ut
940 758 1038 786 eam

73 828 314 860 exornaret
329 847 343 868 ,
365 810 599 859 conceffit.
624 815 779 858 Meam
806 812 917 857 banc
934 828 1039 857 con-

67 882 296 945 jeefi‘turan
327 880 612 948 sequentibus
644 880 867 929 confirmo
901 879 1035 930 Versl-

73 952 154 1000 bus
176 954 199 999 a
221 957 424 1002 Grutero
445 970 549 1022 pag.
590 973 607 1001 1
627 973 735 1014 173.
758 971 883 1001 num.
915 973 954 1001 1.
979 971 1038 1000 re-

1094 316 1178 361 viae
1203 313 1465 363 ceciderunt
1484 351 1498 372 ,
1521 332 1572 364 ut
1591 322 1954 385 quamplurium,
1976 342 2074 372 ma-

1094 386 1414 451 ximarumque
1452 389 1692 436 ruinarum
1733 389 1876 438 causae
1915 395 2074 443 extite-

1095 456 1219 511 rint,
1254 455 1302 505 ὅ(
1333 456 1445 523 pene
1481 476 1638 506 omnes
1671 460 1923 509 universale
1957 464 2074 512 dilu-

1095 528 1226 574 vium
1247 529 1488 577 timuerint
1505 565 1515 576 .
1547 532 1846 598 Qapropter
1871 531 1964 597 ipse
1993 537 2073 583 Pe-

1094 597 1242 666 lagius
1277 601 1392 647 hanc
1411 600 1553 648 aedem
1571 599 1739 648 eisdem
1759 605 1924 668 pluviis
1943 641 1957 661 ,
1991 620 2069 654 aut

1093 685 1141 715 re
1171 667 1260 716 alia
1292 669 1577 719 debilitatam
1600 708 1615 729 ‚
1635 671 1784 720 denuo
1811 673 2071 735 aedificavit,

1094 754 1145 787 ut
1170 741 1215 787 in
1238 737 1347 808 saepe
1364 742 1551 790 laudato
1583 741 1840 792 Pontificali
1863 745 2000 803 libro,
2017 764 2070 795 ac

1091 810 1200 859 disti
1221 814 1392 881 Pelagii
1409 817 1479 862 ΙΙ.
1501 816 1593 862 vita
1614 812 1856 874 scribitur3
1883 816 1942 864 ibi
1965 817 2072 865 :Fe-

1091 888 1148 931 cit
1199 897 1302 947 upra
1322 899 1467 950 corpus
1496 882 1566 933 Ἑ.
1601 885 1823 933 Laurentii
1843 886 2067 951 Martyris

1090 952 1330 1022 ‘Basilicam
1377 961 1401 1004 ἃ
1440 955 1713 1023 fimdnmento
1762 958 2023 1024 construffam
2054 995 2070 1018 ,

74 1025 212 1081 latis,
249 1042 304 1071 ex
335 1024 496 1089 quibus
531 1040 716 1091 apparet
751 1029 797 1072 S.
821 1014 1072 1080 Leonem,B
1092 1044 1138 1072 ac
1192 1026 1381 1076 Tabulis
1423 1033 1629 1094 argenteis
1669 1035 1901 1079 exornavit
1933 1030 2071 1095 stpul-

75 1096 189 1143 Sixti
210 1093 501 1143 successorem
521 1093 758 1152 curaille,ut
777 1097 868 1142 haec
884 1098 1041 1143 eadem
1093 1117 1205 1145 crum
1224 1102 1312 1161 ejus
1333 1136 1345 1146 .
1385 1098 1528 1164 Qod
1556 1097 1841 1167 infrascripta
1864 1103 2070 1150 carmina

73 1163 261 1213 Basilica
283 1167 307 1212 a
327 1169 462 1214 Galla
489 1167 687 1216 Placidia
712 1164 958 1215 Theodosii
982 1164 1041 1213 se·
1093 1170 1117 1214 a
1140 1172 1347 1217 Grutero
1368 1186 1471 1238 pag.
1502 1190 1517 1218 1
1538 1190 1647 1234 173.
1670 1189 1798 1220 num.
1826 1192 1865 1219 1.
1886 1172 2069 1220 relata...

71 1239 209 1284 nioris
242 1235 331 1285 filia
357 1273 370 1294 ,
397 1253 621 1303 tanquam
640 1236 844 1286 Ecclefiae
882 1240 1040 1285 Domi·
1092 1240 1292 1287 indicare
1312 1242 1560 1290 videntur.

71 1324 144 1363 na,
168 1309 209 1354 in
230 1311 502 1375 ampliorem
522 1345 535 1366 ,
566 1309 931 1373 nobilioramque
951 1306 1040 1356 for·
1094 1311 1270 1377 Praefitle
1336 1311 1505 1380 Pelagio
1572 1311 1760 1378 Martyr
1816 1314 2067 1363 Laurentius

71 1396 195 1425 mim
229 1383 557 1447 (complanato
590 1382 705 1428 colle
725 1417 738 1437 ,
780 1381 857 1446 qui
887 1381 1036 1428 eidem
1231 1384 1329 1430 olim

74 1446 271 1497 Balilicae
304 1469 390 1498 non
424 1450 509 1498 line
543 1453 679 1500 ruinae
716 1452 922 1519 periculo
956 1458 1037 1499 im·
1164 1455 1349 1519 Templa
1365 1455 1456 1523 fibi
1477 1456 1632 1521 statuit
1659 1491 1675 1514 ,
1721 1472 1809 1503 tam
1837 1457 2068 1524 pretiosa-2

72 1520 308 1589 minebat)
342 1522 621 1591 redigeretur
641 1559 651 1570 .
693 1525 913 1572 Carmina
945 1524 1035 1572 haec
1230 1527 1345 1573 dari.

71 1589 234 1710 {iltiiiitlet
275 1664 492 1732 Pontificio·
511 1666 647 1731 studio
670 1665 888 1731 splendere
928 1665 1037 1712 Leo-

211 1738 274 1781 nis

143 1805 341 1854 Placidiae
371 1811 442 1872 pia
471 1826 579 1855 mens
610 1811 741 1872 operis
773 1808 892 1856 decus
928 1825 1039 1854 omne

208 1891 330 1941 pater
348 1915 358 1926 .

71 1945 282 1997 Demo‘vzt
318 1950 523 1998 Dominus
558 1948 744 1997 tenebras
769 1985 784 2006 ,
826 1965 873 1998 ut
908 1950 1036 1999 luca,

211 2036 348 2067 creata

141 2087 224 2137 His
257 2093 452 2159 quondam
484 2090 688 2151 latebris,
710 2093 780 2159 stc
815 2093 930 2141 mod&
944 2090 1038 2159 ful-

208 2181 284 2229 gor
301 2165 398 2231 inest
413 2200 424 2210 .

72 2228 275 2299 Angustos
305 2236 444 2283 aditus
478 2234 724 2284 ‘venerabile
749 2251 890 2303 corpus
920 2236 1039 2284 habe-

212 2304 284 2351 bat
306 2341 320 2362 ,

139 2374 234 2423 Huc
252 2412 267 2433 ,
294 2377 365 2424 ubi
400 2396 503 2425 nunc
527 2379 721 2443 populum
751 2381 912 2446 largior
938 2397 1040 2427 aura

211 2451 321 2512 capit
336 2485 346 2496 .
418 2458 420 2461 ⁸

72 2514 207 2564 Bruta
231 2519 433 2582 planicies
448 2524 590 2585 patuit
608 2519 690 2585 sub
711 2537 843 2569 monte
868 2521 998 2588 recisit
1021 2558 1035 2578 ‚

1096 1594 1224 1644 Mira
1239 1599 1353 1664 fides
1386 1597 1587 1646 Claudius
1619 1600 1783 1664 hostiles
1812 1598 1963 1664 inseret
1983 1604 2071 1647 iras

1162 1669 1402 1735 Pontificem
1425 1674 1588 1719 meritis
1611 1689 1680 1716 nec
1708 1670 1925 1737 celebrt'tffe
1947 1672 2042 1737 fitis
2057 1708 2068 1720 .

1043 1739 1174 1799 (3th
1218 1743 1333 1788 mod&
1380 1741 1622 1789 Stznfforum
1662 1746 1727 1789 cm·
1769 1743 1944 1808 creseere
1981 1761 2071 1790 cotz-

1220 1815 1308 1878 stnt
1331 1813 1500 1859 honores

1164 1881 1336 1948 Facstzb
1350 1898 1448 1947 pace
1466 1884 1545 1930 coli
1569 1882 1677 1931 telin
1694 1883 1837 1931 dicata
1861 1883 1947 1931 tibi
1967 1921 1980 1932 .

1090 1950 1363 2013 Martyrium
1392 1953 1583 2019 flammis
1630 1958 1728 2003 olim
1776 1953 1948 2005 Levita
1970 1953 2069 2021 stib-

1230 2026 1296 2090 isti

1152 2097 1259 2153 Jure
1288 2100 1372 2143 tuis
1415 2097 1584 2162 templis
1617 2097 1689 2144 lex
1725 2098 1966 2147 ‘veneranda
2004 2117 2068 2146 re-

1232 2168 1323 2216 dit.

1093 2241 1146 2286 ln
1179 2257 1376 2305 quorum
1414 2241 1672 2288 carminum
1709 2239 1936 2308 postremo
1969 2256 2065 2288 vox

1093 2311 1170 2356 illa
1187 2313 1260 2358 lex
1278 2313 1580 2378 expungenda
1607 2312 1814 2370 videtur,
1834 2331 1883 2360 ac
1901 2314 1979 2361 lux
2003 2330 2069 2360 re-

1091 2382 1317 2447 ponenda,
1332 2384 1446 2429 utin
1469 2381 1658 2431 Mulivo
1685 2383 1875 2432 babetur
1896 2402 2031 2451 opere
2050 2421 2061 2430 .

1163 2456 1230 2502 Ex
1253 2472 1304 2501 ea
1325 2455 1433 2500 vero
1458 2453 1558 2502 libri
1583 2453 1860 2504 Pontificalis
1892 2474 2068 2504 enarra-

1089 2524 1213 2571 tione
1245 2528 1490 2573 Panvinius
1511 2562 1525 2582 ,
1554 2527 1718 2591 aliique
1751 2529 2026 2575 recentiores
2050 2562 2065 2582 ‚

142 2587 286 2655 Estque
313 2607 469 2638 remota
505 2598 642 2659 gravi
675 2593 778 2639 mole
802 2597 922 2641 ruina
959 2598 1160 2661 mi-uni
1195 2613 1300 2644 eum
1338 2594 1627 2660 sequuntur,
1662 2596 1912 2645 Ecclesiam
1951 2600 2064 2646 hanc

209 2678 294 2706 nux
312 2697 323 2708 ο

135 2727 234 2780 Hic
253 2732 362 2779 vero
394 2735 531 2799 primi
553 2732 646 2782 duo
673 2734 828 2783 versus
847 2735 1033 2784 notandi

1088 2667 1292 2733 primum
1333 2668 1358 2715 a
1395 2670 1581 2735 Pelagio
1617 2666 1886 2716 aedificatam
1935 2669 2066 2736 puta-

1090 2755 1213 2798 runt3
1231 2754 1276 2786 at
1294 2738 1397 2786 idin
1421 2738 1615 2786 dubium
1648 2743 1855 2787 revocari
1886 2738 2065 2807 potest,

62 2796 195 2858 sunt,
227 2802 302 2867 qui
324 2803 538 2871 leguntur
560 2808 696 2854 etiam
721 2806 766 2853 in
788 2809 1035 2874 triumpha·
1087 2826 1279 2876 nempe,
1296 2828 1349 2856 an
1372 2807 1459 2875 ipse
1482 2811 1691 2876 Pelagius
1711 2828 1763 2856 ex
1783 2813 1964 2879 integro
1989 2829 2067 2859 no-

64 2871 98 2918 li
115 2889 224 2920 arcu
248 2877 293 2921 S.
314 2875 470 2931 Pauli,
488 2874 542 2922 de
570 2876 732 2941 quibus
762 2876 961 2925 diximus
991 2880 1034 2925 in
1089 2897 1193 2927 vam
1218 2878 1486 2935 Ecclefiam‚
1508 2883 1582 2927 vel
1605 2880 1787 2929 tantum
1809 2884 1950 2929 altare
1973 2901 2065 2930 ma-

66 2939 219 2989 nostro
234 2961 370 3011 opere
391 2945 445 2992 de
467 2961 608 2994 veter.
632 2950 833 2995 Monim.
852 2964 968 3016 part.
994 2969 1033 2997 1.
1080 2955 1154 3012 jus
1172 2987 1185 3007 ,
1206 2950 1296 2998 five
1313 2986 1326 3006 ,
1363 2966 1409 2997 ut
1430 2951 1625 3016 Antiqui
1649 2951 1873 2999 vocabant
1893 2990 1907 3012 ‚
1941 2957 2065 3002 Con-

65 3028 164 3077 cap.
195 3032 274 3075 24.
315 3015 548 3064 Caeterum
583 3018 676 3065 haec
698 3016 887 3066 Basilica
908 3019 1033 3068 brevi
1086 3018 1321 3069 feffionem
1344 3037 1596 3069 extruxerit
1615 3057 1628 3078 ,
1652 3021 1939 3090 Mufivoque
1958 3042 2065 3091 ope-

65 3080 352 3133 restauranda
368 3085 471 3136 fuit.
485 3091 612 3136 Nam
627 3088 735 3137 cum
760 3091 944 3157 Pelagio
964 3094 1032 3139 11.
1088 3110 1133 3139 re
1152 3094 1482 3158 triumphalem
1499 3097 1734 3142 ornaverit
1752 3113 1910 3143 arcum
1933 3133 1942 3143 .
1970 3101 2063 3143 An-

65 3152 287 3203 Pontifice
309 3158 621 3227 Longobardi,
639 3158 737 3208 tota
756 3159 921 3209 vastata
943 3165 1034 3210 Ita·
1089 3161 1180 3212 sam
1217 3162 1458 3213 dubitandi
1504 3164 1673 3231 praebet
1714 3170 1760 3215 S.
1803 3166 2063 3234 Gregorius

66 3223 160 3282 lia,
192 3224 380 3280 Urbem
413 3228 556 3296 ipsam
592 3229 825 3280 obsidione
860 3249 1035 3299 preme·
1085 3234 1167 3284 lib.
1186 3252 1233 3298 3.
1251 3234 1376 3304 epist.
1397 3235 1553 3296 30.ad
1583 3236 1936 3288 Constantinam
1962 3240 2062 3284 Au·-

1333 3310 1368 3357 P
1808 3306 1990 3377 gustam
