2331 3585
241 189 310 240 86
522 183 1123 238 DESACRIS

169 279 334 327 throno
353 275 543 325 sedentis
563 313 577 334 ‚
600 274 648 327 8<
665 277 768 325 hinc
789 276 891 325 inde
913 279 1137 345 SSgAPO·

167 347 391 398 stolorum
412 350 535 398 Petri
551 384 566 406 ,
595 346 643 398 ὅ(
662 350 790 397 Pauli
804 383 833 421 ,K
847 366 1021 396 necnon
1042 353 1137 397 An-

169 422 382 486 gelorum
397 455 412 477 ,
433 422 720 486 aliorumque
742 419 1014 468 SanElorum
1031 436 1136 468 cum

170 492 252 537 hac
269 488 560 557 inscriptione
578 511 589 538 :

174 560 289 610 Tibi
315 559 543 628 Christefic
572 563 662 609 laus
679 597 694 618 ,
717 562 845 610 honor
863 595 879 617 ,
906 566 957 608 &
989 562 1106 610 decor
1124 598 1134 608 .

347 706 377 752 S
417 707 453 752 E
495 706 537 752 C
572 704 615 752 T
655 706 679 754 I
720 704 769 751 O
865 704 959 752 XI.

170 843 238 892 De
253 846 308 892 iis
325 880 340 901 ,
368 862 453 910 quae
473 844 576 892 olim
599 860 715 892 erant
739 848 783 892 in
802 842 983 911 Ecclssa
997 843 1140 895 SanHi

309 914 484 964 Andreae
500 917 683 982 Apostoli
698 951 711 971 ‚
726 919 769 962 in
788 914 997 980 ‘vestibulo

434 982 613 1052 Templi
631 986 846 1052 Apollinis
866 1023 876 1033 .

465 1145 600 1176 oruM
618 1127 733 1176 illud
748 1124 941 1194 spatium
959 1164 975 1186 ,
1014 1127 1138 1194 quod

469 1198 672 1248 medium
680 1203 800 1260 jacet
813 1200 928 1246 inter
938 1197 1140 1248 Ecclesia

181 1143 289 1187 153.

168 1271 213 1315 S.
232 1271 487 1318 Petronillae
504 1306 519 1327 ,
551 1266 828 1336 parietesque
849 1269 1049 1319 Bafilicae
1067 1289 1139 1319 na·

168 1340 264 1386 vim
283 1339 664 1398 transversam,in
682 1337 910 1389 Austrum
928 1340 1138 1390 clauden-

165 1423 229 1457 tes
251 1445 268 1466 ,
318 1411 570 1479 occupabat
612 1408 811 1459 Ecclesia
861 1415 907 1461 S.
937 1411 1135 1462 Andreae

162 1497 293 1527 num.
319 1500 337 1528 1
351 1499 430 1542 53.
453 1486 578 1543 cujus
599 1483 781 1530 ornatui
797 1517 812 1539 ,
833 1480 880 1532 ὃ(
897 1485 1135 1551 elegantiae

164 1553 476 1616 Symmachus
496 1557 616 1621 Papa
635 1553 833 1602 maxime
853 1552 1041 1603 studuit.
1059 1557 1134 1604 Sic

165 1623 286 1669 enim
307 1624 351 1670 in
369 1622 625 1672 Pontificali
642 1623 785 1680 libro,
801 1643 852 1672 ac
872 1625 1001 1687 hujus
1022 1629 1133 1674 Pon-

162 1689 297 1739 tificis
329 1695 422 1741 vita
456 1695 625 1761 legitur
652 1715 663 1742 :
710 1695 829 1742 Fecit
861 1693 1136 1762 Basilicam...

1188 182 1260 236 AE
1296 183 1343 232 D
1376 178 1406 231 I
1439 182 1479 232 F
1516 181 1542 232 1
1580 183 1619 232 C
1652 181 1683 232 I
1713 182 1743 233 I
1774 182 1833 233 S.

1152 274 1299 341 Aquod
1321 273 1419 340 suit
1478 274 1705 341 Vestarium
1748 271 1936 322 Neronis
1972 309 1988 332 ,
2058 274 2171 343 quod

1185 346 1300 393 modo
1328 361 1508 394 vocatur
1541 346 1587 394 S.
1607 346 1798 395 Andreas
1825 366 1836 393 ι
1868 354 1912 394 in
1943 350 2054 409 cujus
2079 346 2161 394 Al·

1185 431 1276 464 tare
1314 413 1487 465 ‘Beatus
1514 417 1740 485 Gregorius
1765 418 1878 484 Papa
1902 453 1917 476 ,
1957 433 2003 465 ut
2031 421 2057 465 ἆ
2091 436 2162 465 no-

1174 488 1278 552 stris
1322 488 1547 549 majoribus
1597 494 1822 553 accepimus
1858 523 1873 546 ,
1925 489 2158 537 recondidit

1187 558 1399 607 brachium
1443 557 1584 607 Saniii
1617 562 1793 608 Andreae
1825 560 2012 626 Apostoli
2039 595 2055 618 ,
2103 565 2157 608 ἐξ

1188 627 1258 676 Ἑ.
1281 629 1403 678 Lucae
1430 631 1709 698 Evangelzstae
1727 666 1742 688 ,
1778 650 1863 697 quae
1900 651 1987 679 cum
2012 648 2160 698 magna

1186 700 1412 750 devotione
1464 703 1619 750 detulit
1678 706 1704 750 ἀ
1758 701 2107 768 Constantinopoli
2143 738 2156 750 .

1190 773 1307 822 Haec
1331 774 1522 822 Mallius
1537 809 1551 830 ,
1584 775 1661 839 qui
1687 774 1731 820 in
1751 773 1831 820 hac
1848 771 1925 821 sua
1943 774 2160 821 narratio-

1189 859 1245 890 ne
1274 843 1331 891 de
1363 844 1508 893 tribus
1535 846 1752 911 praecipue
1780 845 1891 892 locis
1924 846 2160 892 mentione

1190 910 1329 971 facit,
1362 914 1523 980 nempe
1553 914 1608 963 de
1630 916 1828 981 Templo
1850 915 2084 982 Apollinis
2115 915 2161 962 in

1190 982 1436 1035 Ecclesiam
1459 985 1624 1049 Sancie
1642 987 1892 1049 Petronille
1910 980 2160 1045 convers03

1152 1033 1387 1105 Bsecund&
1419 1057 1473 1106 de
1495 1054 1684 1106 Bafilica
1706 1060 1754 1106 S.
1777 1058 1946 1125 Angeli
1967 1094 1981 1115 ‚
2017 1055 2161 1105 terti&

1188 1123 1243 1172 de
1269 1128 1360 1175 alio
1378 1128 1551 1195 templo
1570 1126 1781 1177 Vestario
1801 1130 1998 1176 Neronis
2029 1127 2157 1176 dieto

1192 1197 1352 1262 (quod
1371 1198 1650 1248 Vestiariurn
1677 1197 1922 1267 legendum
1950 1197 2044 1260 est)
2071 1200 2159 1246 iii-2

1189 1267 1440 1318 Ecclesiam
1461 1275 1508 1321 S.
1524 1269 1720 1319 Andreae
1738 1283 2032 1319 commutato
2052 1306 2065 1318 .
2086 1274 2158 1319 De

1189 1338 1388 1389 Ecclesia
1406 1344 1453 1390 S.
1471 1341 1727 1393 Petronillae
1743 1376 1759 1397 ,
1783 1339 1860 1389 ubi
1876 1358 1984 1389 nam
2000 1339 2157 1398 fuerit,

1187 1410 1519 1479 ambigendum
1534 1411 1728 1462 minime
1750 1410 1811 1461 est
1823 1447 1837 1468 ,
1854 1429 1966 1461 cum
1982 1408 2160 1479 expres-

1185 1482 1232 1528 se
1260 1482 1339 1529 illa
1368 1483 1667 1554 indigitetur.
1699 1481 1905 1550 Qaestio
1934 1485 2074 1552 igitur
2094 1481 2159 1531 est

1185 1550 1241 1599 de
1262 1551 1451 1602 Bafilica
1471 1561 1517 1606 S.
1537 1557 1709 1625 Angeli
1726 1590 1740 1610 ,
1764 1552 1812 1604 ὅ(
1829 1554 2030 1621 Templo
2049 1558 2160 1603 San-

1184 1622 1245 1670 &i
1263 1624 1460 1673 Andreae
1478 1664 1489 1674 .
1518 1626 1667 1677 Locus
1686 1623 1885 1674 Bafilicae
1917 1628 1963 1674 S.
1985 1626 2159 1693 Angeli

1186 1709 1239 1741 ex
1270 1693 1429 1743 eadem
1455 1698 1612 1746 Mallii
1649 1697 1843 1746 leffione
1874 1697 2009 1744 etiam
2040 1697 2160 1744 crui-

163 1762 207 1811 S.
246 1763 424 1812 Andreae
466 1766 656 1832 Apostoli
697 1765 809 1829 apud
855 1763 926 1813 Ἦ.
963 1764 1132 1815 Petrum
1147 1777 1297 1832 Ctur,
1330 1767 1491 1833 nempe
1511 1768 1633 1831 quod
1660 1782 1756 1816 erat
1784 1780 1886 1815 ante
1905 1768 2158 1833 Templum

162 1834 401 1899 Apostolum
447 1835 520 1883 ubi
556 1835 671 1902 fecit
709 1834 922 1884 Ciborium
973 1855 1027 1884 ex
1070 1856 1134 1887 ar-

157 1920 283 1972 gento
299 1940 314 1962 ,
338 1913 390 1955 &5
409 1905 703 1973 Confeffionem
720 1908 835 1974 pens:
851 1906 930 1955 lib.
948 1924 1105 1957 centum
1119 1945 1135 1966 ,

160 1982 214 2024 ὅθ’
242 1979 411 2042 viginti
438 2014 448 2024 .
489 1980 628 2026 Arcus
663 1994 875 2045 argenteos
906 1994 992 2026 tres
1020 1981 1135 2047 pens:

144 2046 335 2114 st'ngulos
353 2048 486 2095 libras
497 2050 725 2116 fixaginta
744 2087 754 2096 .

231 2116 325 2166 Sub
346 2117 523 2168 silentio
552 2118 913 2187 pretereundum
943 2121 1133 2171 minime

163 2186 245 2235 eff:
264 2187 422 2238 censeo
443 2226 457 2248 ‚
492 2193 648 2240 locum
675 2189 813 2239 istum
848 2210 899 2239 ex
918 2194 1132 2259 praecitati

161 2259 310 2307 Mallii
328 2260 744 2320 lestione‚dubium
760 2261 914 2320 reddi3
932 2280 1034 2311 nam
1057 2282 1136 2312 nu-

162 2345 274 2377 mer.
300 2338 378 2378 16.
397 2329 456 2380 fic
476 2331 658 2381 scribit:
694 2330 814 2399 Infra
831 2332 1041 2381 Palatium
1059 2355 1138 2384 ve-

161 2403 205 2444 νὸ
260 2397 447 2449 Neronis
498 2405 549 2469 est
605 2404 831 2467 Templum
872 2403 1089 2470 Apollinis
1117 2442 1134 2464 ,

159 2471 271 2537 quod
291 2490 394 2519 nunc
419 2490 602 2523 vocatur
631 2474 674 2522 S.
699 2475 937 2523 Petronillae
954 2512 968 2533 ,
998 2480 1041 2523 in
1057 2496 1134 2544 quo

160 2542 213 2606 est
244 2543 496 2591 reconditum
528 2560 669 2610 corpus
703 2546 870 2610 ejusdem
908 2546 1098 2614 Virginis
1117 2585 1132 2606 ,

160 2628 254 2660 ante
285 2615 396 2680 quod
421 2616 471 2680 est
501 2614 702 2683 ‘Bcfilicn
728 2615 772 2664 S.
793 2617 951 2683 Angeli
978 2654 995 2675 ‚
1047 2638 1131 2686 quae

158 2699 341 2732 vocatur
398 2685 643 2734 Vaticanum
685 2720 702 2741 ,

158 2753 393 2821 laqueatum
427 2773 524 2804 auro
558 2793 573 2813 ,
609 2763 662 2806 69³
692 2762 814 2807 ‘vitro
846 2795 857 2805 .
896 2757 993 2806 Ideo
1025 2765 1130 2810 vero

161 2824 316 2873 dicitur
361 2826 605 2875 Vaticanum
632 2865 648 2886 ,
689 2834 786 2897 quia
832 2829 960 2877 Vates
987 2866 1002 2887 ,
1035 2832 1132 2897 idest

162 2892 405 2945 Sacerdotes
433 2902 667 2966 antiquitus
695 2934 710 2956 ‚
745 2899 941 2947 canebant
966 2899 1028 2948 ibi
1050 2903 1133 2967 fita

160 2963 294 3030 efficia
312 3002 328 3022 ,
354 2985 450 3015 ante
475 2968 693 3036 Templum
711 2969 954 3036 Apollinis:
975 2978 1027 3019 <59²
1043 2973 1132 3021 ideo

161 3048 252 3083 tota
281 3037 361 3083 illa
379 3053 480 3102 pars
503 3042 655 3089 dextra
674 3039 878 3107 ‘Bastlicae
896 3038 963 3088 Ἑ.
982 3041 1133 3100 Petri,

160 3122 242 3172 qua
276 3109 364 3153 itur
392 3123 466 3171 per
497 3111 709 3159 Porticum
741 3112 987 3177 Pontificum
1017 3148 1029 3167 ‚
1080 3120 1133 3161 ὃ

161 3176 284 3242 usque
312 3177 371 3224 ad
385 3178 554 3227 Portam
575 3181 826 3249 Argenteum
846 3218 862 3238 ‚
896 3182 1133 3230 vocabatur

170 3244 414 3296 Vaticanum
444 3287 455 3297 .
496 3249 641 3319 Ibique
675 3255 724 3317 cst
759 3253 881 3301 aliud
899 3254 1096 3319 templum
1116 3288 1131 3311 ,

1189 1838 1235 1882 S.
1266 1837 1525 1888 Petronillae
1556 1874 1567 1885 .
1606 1838 1813 1888 Dubium
1844 1840 1984 1905 igitur
2018 1856 2160 1886 rema·

1186 1919 1263 1953 net
1277 1940 1291 1962 ,
1326 1907 1508 1959 ubinam
1537 1913 1582 1958 S.
1603 1910 1802 1960 Andreae
1822 1911 2047 1976 templum
2065 1905 2161 1957 fue-

1186 1977 1248 2023 rit
1273 2011 1288 2033 2
1327 1982 1451 2045 quod
1475 1979 1723 2048 antiquitus
1752 1978 2035 2029 Vestiarium
2064 1982 2162 2028 Ne-

1187 2048 1308 2095 ronis
1345 2051 1594 2102 vocabatur
1617 2089 1628 2100 .
1660 2054 1774 2103 Hoc
1801 2051 1998 2101 dubium
2027 2052 2159 2100 nobis

1186 2121 1403 2169 excitavit
1435 2127 1493 2171 D.
1513 2127 1673 2173 Petrus
1693 2125 1856 2172 Paulus
1878 2122 1935 2170 de
1954 2121 2127 2171 Rubeis
2142 2157 2158 2180 ,

1186 2187 1383 2251 ejusdem
1413 2193 1608 2243 Bafilicae
1630 2191 1928 2243 Beneficia‘tus
1947 2230 1962 2250 ‚
1998 2191 2044 2243 ὃς
2071 2194 2158 2241 iri-³

1185 2257 1386 2322 ejusdem
1408 2263 1604 2314 Basilicae
1634 2263 1818 2315 historia
1841 2263 1976 2314 valde
2008 2263 2158 2313 erudi-

1186 2345 1257 2378 tus
1276 2368 1286 2378 .
1325 2337 1395 2382 At
1410 2353 1515 2385 curn
1536 2337 1746 2405 diligenti
1779 2336 2028 2385 attentione
2046 2353 2157 2402 prae-

1184 2402 1437 2470 allegatum
1456 2409 1611 2456 locum
1630 2408 1684 2457 ab
1708 2407 1976 2473 Alpbarano
1993 2441 2008 2462 ,
2039 2401 2156 2453 aliis-

1185 2491 1269 2538 que
1299 2477 1608 2544 Scriptoribus
1640 2478 1920 2544 descriptum
1956 2474 2158 2524 confide-

1185 2561 1360 2604 rarem,
1382 2546 1516 2598 fiturn
1537 2547 1776 2599 observavi
1800 2563 1903 2596 ante
1925 2547 2155 2612 Apollinis

1183 2618 1411 2682 templum
1431 2654 1445 2676 ,
1462 2622 1693 2669 illummet
1712 2618 1836 2669 fuiffe
1853 2654 1868 2675 ‚
1896 2618 1973 2684 qui
1993 2618 2017 2664 ἔι
2038 2618 2157 2665 Mal-

757 2690 932 2752 mirifico
981 2690 1129 2756 mosibo
1146 2685 1247 2732 Dlio
1273 2687 1542 2738 describitur
1573 2709 1657 2758 pro
1688 2690 1896 2742 Vestario
1925 2689 2122 2736 Neronis
2140 2722 2153 2735 .

1186 2759 1311 2805 Nam
1339 2756 1372 2808 fi
1399 2761 1570 2810 attente
1587 2761 1715 2811 istius
1733 2760 1952 2811 Austoris
1971 2776 2154 2815 vocem,

1183 2826 1322 2894 ibique
1363 2831 1695 2898 perpendamus
1741 2849 1848 2881 cum
1894 2829 2024 2879 dietis
2066 2827 2155 2876 de„
2189 2863 2192 2867 »

1187 2901 1416 2964 Apollinis
1458 2906 1634 2970 templo
1676 2899 1981 2951 connefienda
2017 2896 2118 2945 sunt
2136 2917 2156 2958 ς

1186 2985 1291 3016 cum
1314 2971 1595 3022 Vestiarium
1613 2976 1740 3022 locus
1759 2971 1832 3029 fit,
1845 2970 1920 3019 ubi
1934 2966 2157 3017 asservati-⁷

1187 3052 1263 3086 tur
1285 3040 1425 3089 vestes
1446 3078 1457 3090 .
1485 3047 1539 3091 In
1553 3045 1640 3092 hoc
1656 3046 1798 3112 igitur
1815 3043 1918 3090 loco
1936 3075 1950 3096 ‚
1970 3038 2155 3106 quando

1185 3112 1312 3159 Nero
1341 3110 1461 3161 dirus
1477 3115 1553 3162 ille
1572 3118 1833 3182 Imperator
1849 3113 1894 3159 in
1918 3112 2060 3159 Circo
2076 3127 2157 3158 au-

1184 3182 1389 3249 rigabat,
1421 3198 1470 3232 ut
1503 3187 1746 3233 Svetonius
1780 3195 1964 3238 narrat,
1997 3177 2154 3228 verifi-

1183 3254 1352 3302 militer
1379 3252 1518 3303 vestes
1536 3290 1551 3310 ‚
1584 3256 1761 3322 aliaque
1791 3252 2054 3322 Imperi-alia
2081 3249 2155 3297 de,

1952 3338 2086 3388 pone·

2328 315 2331 356 ἒ

2328 358 2331 476 ἓ
