2331 3585
759 197 797 244 C
865 196 910 245 A
983 196 1023 245 P
1094 199 1144 246 tl
1221 197 1273 246 T
1390 195 1525 247 VII.
1967 224 2059 264 117

127 285 498 338 Cl³.·i·istiahorom
541 282 786 332 studiosum
828 281 954 333 fuisse
996 279 1362 332 con-AChristus
1400 285 1487 332 una
1525 301 1631 332 cum
1671 286 1835 333 Crucis
1883 281 2127 348 symbolo,

122 361 216 410 stat
246 395 261 417 ,
297 357 682 424 indulgentiorem
716 354 979 404 Christianae
1015 359 1104 402 Re·
1158 352 1281 419 quod
1303 355 1346 401 in
1367 356 1489 402 coelo
1507 355 1714 410 viderat,
1749 358 1958 422 apparuit
1979 391 1992 411 ‚
2022 375 2132 423 prae-

136 431 263 499 gioni
291 426 334 476 se
353 427 547 494 praebuit
563 461 574 472 .
609 424 734 475 Cum
752 427 871 472 enim
890 427 935 472 in
958 423 1107 488 hujuss-
1159 426 1365 490 cepitque
1383 461 1398 481 ,
1417 440 1468 474 ut
1490 427 1654 475 Crucis
1676 424 1802 493 figno
1818 426 1873 473 ad
1894 428 2012 474 illius
2035 430 2132 474 imi-

136 497 316 549 cemodi
351 495 602 565 graviffimi
629 495 735 544 belli
768 514 874 544 cura
910 498 1108 563 Impera·
1159 496 1410 552 tationem,
1445 495 1570 561 quod
1601 498 1645 542 in
1678 498 1800 543 coelo
1836 513 2132 562 apparuerat,

135 588 209 620 tor
251 567 505 618 versaretur
540 603 555 623 ,
593 580 912 635 reputaretque
944 569 1105 629 majori
1157 565 1379 614 fabricato
1400 602 1415 623 ,
1449 584 1501 613 eo
1528 581 1759 630 tamquam
1786 565 1989 633 praefidio
2009 602 2023 623 ,
2057 566 2133 615 ubi

135 640 220 690 sibi
247 637 481 708 praefidio‚
515 640 650 703 quam
683 653 966 686 armatorum
993 639 1110 686 mili-
1161 637 1315 704 praelia
1371 656 1476 684 cum
1533 635 1728 684 hostibus
1783 640 2096 685 committeret
2117 673 2133 694 ,

133 728 238 761 tum
269 711 325 759 ad
350 728 450 758 eam
479 707 818 776 expeditionem
837 705 976 757 fauste
1007 726 1113 756 con·
1163 720 1396 755 uteretur.
1441 709 1596 757 Paruit
1629 708 1753 755 illico
1786 706 2133 764 Constantinus,

131 781 381 831 'ficiendam
417 797 531 845 opus
568 776 650 827 effe
679 815 695 836 ,
730 780 882 828 animo
921 775 1112 828 secum-‚
1163 776 1514 844 convocatisque
1531 776 1781 826 artificibus
1794 777 1921 840 juffit
1942 813 1956 834 ,
1987 793 2037 826 ut
2059 797 2136 826 au·

136 852 366 902 volvebat
384 886 399 907 ,
425 847 657 913 cujusnam
690 848 768 901 sub
803 851 1002 897 numinis
1033 868 1110 898 au·
1163 866 1233 905 ro,
1249 848 1521 915 lapidibul'q5
1542 846 1746 915 pretiofis
1773 848 2040 917 praedictum
2067 866 2137 895 ex-

139 922 278 992 spicio
298 923 475 971 bellum
493 918 695 989 gessurus
716 919 823 969 effet
839 939 853 978 3
871 938 926 968 an
942 918 1111 969 scilicet
1161 920 1417 987 primerent
1436 917 1615 988 signum
1632 956 1648 977 ,
1673 923 1800 981 cujus
1823 916 2018 986 figuram
2044 916 2137 984 ipse

137 1001 263 1044 Deos
283 998 631 1048 Romanorum,
652 990 1145 1067 velChristianorum.B
1161 1008 1238 1038 eos
1271 989 1431 1039 docuit
1459 1026 1474 1047 ,
1513 1009 1649 1057 quam
1682 987 1742 1037 fic
1772 987 1897 1038 fuisse
1927 988 2137 1037 laudatus

139 1065 243 1114 Dei]
262 1067 513 1118 invocaret,
534 1080 668 1128 quem
691 1062 716 1109 a
737 1065 865 1110 Patre
895 1060 973 1109 suo
992 1065 1111 1111 Con-
1165 1075 1318 1110 narrat
1343 1059 1562 1109 Eusebius
1581 1098 1591 1108 .
1621 1060 1795 1111 Hastile
1811 1061 2106 1129 oblongum-2
2122 1094 2139 1116 ‚

137 1132 500 1197 stantinoCesare
515 1134 692 1181 cultum
706 1131 1111 1184 animadverterat?
1165 1133 1458 1198 erectumque
1489 1149 1600 1180 auro
1620 1130 1817 1198 undique
1846 1129 2140 1180 obductum„

139 1204 459 1272 Qamobrem
504 1203 858 1270 praecedentitzm
912 1206 1114 1270 Impera-
1165 1217 1288 1260 erat,
1321 1202 1444 1268 quod
1463 1221 1607 1250 cornu
1627 1200 1937 1251 transversum
1963 1201 2021 1250 ad
2048 1198 2139 1249 for-

139 1292 294 1326 torum
344 1276 551 1341 exempla
607 1272 840 1342 figillatim
889 1277 1113 1323 examina·
1164 1292 1287 1322 mam
1316 1275 1482 1323 Crucis
1509 1272 1861 1330 σοηὲὶῑυὲὶυῑη,
1895 1270 2026 1340 supra
2054 1273 2140 1320 in-‚

139 1349 217 1396 bat
243 1384 258 1404 ,
288 1364 484 1414 quorum
518 1344 623 1393 cum
657 1346 830 1410 aliquos
878 1347 977 1393 Diis
1024 1344 1111 1394 suis
1163 1342 1345 1413 fastigio
1373 1348 1464 1405 ejus
1494 1347 1641 1412 operis
1663 1361 1832 1392 corona
1855 1341 1988 1391 affixa
2015 1359 2140 1412 gem-

138 1416 301 1475 fretos‚
318 1418 427 1464 alios
446 1415 804 1464 divina-tionibus
817 1452 831 1474 ,
849 1413 895 1465 ὅ(
913 1418 1109 1465 oraculis

136 1506 208 1538 res
224 1486 455 1556 prosperas
486 1485 802 1553 pollicentibus
823 1523 837 1544 ,
865 1486 1107 1552 peffimum

138 1578 293 1608 rerum
313 1595 326 1615 ,
362 1560 547 1622 vitaeque
583 1555 719 1603 finem
747 1556 927 1605 sortitos
951 1556 1106 1606 fuisse,

1160 1417 1247 1462 mis
1264 1451 1278 1472 ,
1300 1413 1348 1465 ὃ(
1363 1432 1474 1463 auro
1491 1414 1632 1482 polite
1656 1417 1950 1462 circumtexta
1974 1451 1984 1461 .
2015 1417 2070 1462 In
2090 1432 2139 1462 ea

1160 1484 1365 1535 salutaris
1395 1487 1707 1553 appellationis
1736 1486 1991 1534 Salvatoris
2032 1498 2139 1533 nota

1159 1555 1373 1624 inscripta
1403 1556 1582 1605 duobus
1631 1554 1778 1605 solum
1815 1553 2013 1623 expreffa
2048 1557 2139 1602 ele-

138 1628 464 1699 cognosceret,
491 1632 644 1676 Deum
676 1627 1105 1686 Cliriliianorurm,
1158 1631 1323 1676 mentis
1352 1664 1368 1686 ‚
1415 1626 1525 1675 idest
1562 1626 1734 1675 duabus
1774 1628 1931 1694 primis
1985 1627 2133 1674 literis

136 1694 273 1767 quem
309 1697 599 1749 Constantius
635 1701 762 1746 Pater
806 1700 996 1766 Imperii
1034 1718 1108 1747 cu·
1161 1702 1335 1747 Graecis
1369 1699 1565 1746 nominis
1592 1697 1763 1748 Christi
1790 1733 1804 1754 ,
1844 1711 1940 1744 erat
1972 1699 2022 1745 P.
2056 1700 2141 1745 in„

136 1771 343 1827 stodem,
383 1789 432 1817 ac
461 1766 731 1817 felicitatum
761 1772 968 1818 omnium
1011 1768 1313 1818 Au-Cmedio
1335 1770 1474 1818 literae
1502 1772 1567 1819 X.
1597 1767 1806 1825 curiose,
1840 1766 1888 1819 ὅτ.
1916 1765 2141 1824 subtiliter

135 1843 313 1891 &torem
334 1854 545 1908 expertus
565 1836 712 1888 fuerat
727 1876 740 1897 ,
751 1845 849 1902 jam
867 1856 965 1889 tum
988 1843 1105 1889 cole-

134 1933 185 1962 re
205 1911 358 1961 secum
373 1910 629 1959 constituit.
662 1913 825 1960 Statim
843 1914 983 1980 igitur
1001 1910 1105 1960 fufis
1162 1909 1327 1960 inserta
1348 1947 1362 1968 ,
1398 1912 1479 1959 hac
1498 1910 1646 1960 forma
1675 1888 1763 1966 ᾗ
1794 1947 1804 1958 .
1833 1928 1930 1978 quae
1970 1909 2147 1962 Christi.

135 1983 346 2052 precibus
366 1987 516 2031 Deum
532 1980 659 2030 enixe
688 1985 870 2051 rogavit
891 2019 905 2040 ‚
935 1997 983 2031 ut
999 1986 1110 2049 peri-

138 2055 335 2104 clitantis
381 2054 570 2119 Imperii
587 2051 719 2101 rebus
749 2056 931 2103 dextere
952 2071 1110 2101 occur-

135 2141 276 2182 reret,
301 2125 504 2189 tantique
530 2125 699 2193 negotii
718 2126 888 2172 molem
914 2124 1108 2182 tuenda,

135 2195 379 2264 prosperan
396 2195 592 2260 damque
649 2192 890 2261 susciperet
936 2231 946 2242 .
996 2199 1111 2244 Haec

137 2282 292 2316 autem
337 2267 530 2321 oranti,
591 2263 910 2333 flagitantique
944 2302 959 2323 ,
998 2264 1109 2314 visio

136 2336 344 2403 quaedam
359 2334 514 2384 divina
528 2369 542 2390 ,
569 2332 839 2402 &inprimis
870 2335 1110 2386 admirabi-

136 2410 190 2456 hs
219 2408 453 2475 apparuit,
485 2423 588 2452 nam
621 2404 692 2454 die
738 2406 935 2473 quadam
973 2407 1109 2475 paulo

138 2477 239 2546 post
282 2476 526 2525 meridiem
562 2473 652 2524 sole
674 2481 770 2539 jam
797 2477 1112 2537 decl-inante„

137 2549 251 2597 dum
286 2547 412 2595 anxie
451 2547 598 2594 multa
628 2545 778 2596 secum
797 2547 852 2597 de
879 2550 1112 2597 imminen-

1164 2001 1329 2030 nomen
1363 1982 1686 2050 compendiose
1715 1998 1871 2031 notat.
1911 1982 1985 2032 Ad
2015 1985 2146 2031 illius:

1163 2055 1395 2119 particulae
1438 2071 1581 2102 cornu
1618 2091 1632 2111 ‚
1675 2070 1768 2118 quae
1805 2056 1847 2101 in
1885 2052 2140 2101 transverso

1164 2138 1261 2172 erat
1275 2141 1353 2191 per
1369 2123 1522 2173 hastile
1541 2129 1720 2189 trajecta
1740 2159 1755 2180 ,
1774 2126 1980 2172 velamen
1998 2124 2141 2188 quod-

1162 2193 1269 2243 dam
1294 2208 1510 2262 pertenue
1524 2192 1769 2264 appensum
1790 2230 1804 2251 ,
1829 2194 2025 2242 mirabili
2044 2208 2139 2244 tex-

1162 2264 1266 2314 tura
1284 2265 1433 2314 affixit
1450 2302 1465 2323 ,
1504 2267 1628 2333 quod
1654 2268 1821 2315 Crucis
1842 2264 2138 2314 mensuram

1163 2338 1430 2403 exequavit.
1470 2339 1564 2386 Sub
1602 2335 1735 2404 ipsius
1767 2340 1932 2385 Crucis
1966 2334 2137 2403 infigne

1163 2407 1456 2457 discurrentis
1516 2409 1753 2457 velaminis
1805 2405 2003 2454 fimbrias
2063 2425 2139 2455 au-

1165 2495 1288 2527 ream
1309 2476 1442 2546 ipfius
1460 2478 1758 2547 Imperatoris
1773 2512 1787 2533 ,
1815 2496 1865 2524 ac
1884 2476 2137 2526 liberorum

1165 2546 1350 2597 suorum
1377 2547 1576 2619 effigiem
1596 2549 1651 2598 ad
1683 2547 1835 2615 pecius
1866 2546 2001 2613 usque
2033 2565 2136 2596 con-

137 2621 196 2668 tis
241 2618 345 2667 belli
384 2616 640 2666 neceffitate
684 2620 921 2668 revolvens
966 2618 1293 2687 sepiusDcinne
1311 2618 1586 2687 descriptam
1602 2620 1961 2688 appoluit.Hoc
1977 2632 2135 2667 autem

137 2689 194 2738 ad
220 2692 379 2738 caelum
409 2691 567 2736 oculos
589 2690 786 2738 elevaret
805 2725 819 2746 ‚
852 2689 955 2739 inde
987 2694 1111 2739 auxi-
1163 2688 1348 2739 salutari
1367 2688 1525 2760 figno,
1556 2690 1678 2757 quod
1696 2690 1922 2737 Labarum
1942 2691 2136 2756 appella-

135 2763 255 2809 lium
277 2774 429 2827 petens
448 2795 462 2815 ,
491 2756 646 2806 vidiffe
665 2757 968 2827 se‚totumque
988 2780 1110 2810 exer·
1162 2775 1262 2810 tum
1283 2758 1372 2809 fuit
1386 2795 1400 2816 ,
1420 2760 1641 2828 perpetuo
1658 2761 1874 2807 exercitui
1894 2758 2135 2826 preceden-

138 2833 283 2880 citum
303 2866 317 2887 ,
345 2827 478 2877 faffus
496 2826 584 2877 fuit
599 2830 643 2875 in
664 2832 784 2878 coelo
817 2830 1107 2880 Sanffiffimae
1160 2844 1204 2878 te
1224 2866 1239 2888 ,
1272 2832 1455 2879 Italiam
1472 2831 1649 2898 alpibus
1677 2829 1893 2897 superatis
1915 2829 2134 2898 ingressus

131 2903 303 2951 Crucis
323 2898 505 2968 fignum
524 2901 630 2948 Sole
648 2898 748 2966 ipso
766 2936 780 2958 ‚
811 2903 884 2949 cui
905 2903 1108 2949 immine-

133 2972 213 3021 bat
233 2970 506 3039 splendidius
527 3006 541 3027 ,
576 2967 935 3038 inscriptumque
956 2970 1106 3020 hisce-2

137 3042 304 3099 verbis,
319 3060 375 3091 EN
393 3059 561 3092 TorTrz
584 3057 699 3090 NIKA
725 3039 896 3090 scilicet
918 3061 927 3088 :
960 3041 1012 3089 In
1032 3043 1109 3090 hoc

135 3117 265 3162 vince
281 3133 296 3171 3
325 3130 416 3179 quo
433 3112 645 3180 prodigio
662 3112 910 3160 attonitum
925 3147 941 3168 ,
959 3112 1106 3178 deque

137 3200 190 3230 eo
215 3183 413 3249 plurima
447 3185 491 3231 in
514 3184 667 3231 animo
697 3183 986 3230 volutantem
1016 3201 1106 3232 nox

136 3251 355 3321 oppreffit
383 3288 400 3310 2
452 3255 495 3301 in
542 3272 631 3321 qua
674 3252 821 3301 eidem
859 3252 1105 3302 dormienti

1157 2900 1222 2949 est
1238 2937 1252 2957 ,
1269 2899 1584 2968 expugnatifq3
1606 2899 1902 2948 finitimarum
1925 2900 2134 2951 Urbium

1158 2969 1373 3038 praefidiis
1393 3006 1409 3027 ,
1446 2973 1612 3037 triplici
1632 2972 1787 3038 praelio
1807 2972 2031 3020 Maxentii
2060 2989 2134 3022 co-

1159 3043 1252 3108 pias
1269 3039 1414 3097 fudit,
1434 3059 1485 3089 ac
1505 3039 1761 3089 universam
1785 3043 1969 3090 Italiam
1988 3041 2133 3108 pristi-

1159 3129 1224 3160 nae
1255 3109 1474 3175 majestati
1511 3110 1737 3160 restituit.
1772 3111 1898 3162 Cum
1935 3111 2048 3160 vero
2075 3113 2133 3162 ad

1160 3182 1347 3232 Urbem
1396 3180 1789 3250 appropinquaisset
1825 3219 1841 3240 ,
1892 3185 1936 3230 in
1988 3185 2131 3230 Pratis

1157 3253 1360 3318 Qintiis
1398 3256 1530 3315 juxta
1568 3257 1759 3304 Pontem
1796 3253 2021 3302 Milvium
2059 3270 2132 3302 caq

1882 3321 2061 3373 strame-
