2331 3585
744 218 1254 271 CAPUT
1402 221 1495 270 XI.
1929 241 2020 288 137

178 304 414 357 Secundus
437 305 583 354 habet.
1078 308 1116 347 A

253 378 531 426 VALEAT
566 378 692 440 QVI
730 377 932 425 FECIT
1322 382 1365 428 C
1404 382 1452 427 A
1491 382 1527 428 P
1567 384 1609 428 V
1651 380 1696 428 T
1770 381 1895 428 XII.

448 450 538 495 CN
568 448 740 494 DOM-

111 519 319 567 Scilicet:
353 517 502 566 Valeat
535 521 606 584 qui
629 516 743 584 ficit
766 516 896 564 Cneus
927 518 1077 564 Domi·-
1197 518 1268 568 De
1285 519 1465 588 Ecclffla
1489 520 1697 568 duodecim
1727 521 2027 590 Apostolorum.

109 595 195 636 tius
213 625 223 636 .
254 587 463 654 Oedipus
481 607 568 636 non
588 586 682 637 sum
705 624 722 646 ,
755 590 852 635 aliis
873 587 1078 637 divinan-

111 657 225 707 dum
241 659 449 724 relinquo
466 660 729 707 Domitium
750 657 899 706 istum.
1262 680 1298 710 x
1327 661 1524 728 quadam
1570 659 1865 729 inscriptione
1889 698 1904 719 ,
1947 664 2099 711 olim.»

183 731 361 778 Omnes
393 728 483 778 istae
513 731 680 797 tegulae
715 743 920 796 tempora
957 733 1078 779 Con-
1129 662 1247 800 E
1288 736 1330 781 in
1353 735 1434 780 hac
1459 730 1659 780 Ecclefia
1678 748 1887 790 extante,
1915 733 2097 782 Auctor

110 798 305 848 stantino
345 801 567 848 anteriora
607 798 815 865 sapiunt,
852 815 898 848 at
931 800 1078 849 cum„
1130 807 1190 852 est
1220 805 1342 852 idem
1378 805 1702 852 Pancirolusin
1720 808 1838 872 Reg.
1859 824 1903 861 7.
1925 802 2097 852 Eccles.

112 870 379 918 amovibiles
400 868 661 931 fint,objici
690 871 811 917 valet
836 905 849 926 ,
891 872 935 917 in
970 871 1079 919 testi
1133 892 1177 936 5.
1208 873 1323 923 istud
1354 872 1599 921 aedificium
1628 876 1653 921 ὲ
1682 878 1861 943 Magno
1882 872 2103 923 Constan-

112 939 430 988 refeffionibus
454 960 508 987 ex
537 943 633 987 aliis
657 942 767 987 locis
786 939 1045 1009 desumptas
1063 977 1078 999 ,
1129 947 1227 993 tino
1267 943 1580 993 constructum
1604 945 1883 1013 apparuisse3
1915 961 1960 992 at
1980 947 2022 992 in
2042 947 2103 991 in-

113 1025 221 1057 tunc
244 1008 367 1060 fuisse
389 1009 554 1077 positas
570 1047 584 1069 ,
610 1010 713 1058 ideo
742 1029 927 1059 examen
945 1011 1078 1079 penes
1096 1013 1371 1086 Bscriptione
1389 1051 1402 1072 ,
1422 1034 1511 1081 que
1537 1017 1883 1066 continebantur
1913 1013 2101 1063 minime*

114 1081 356 1129 Lestorem
376 1080 480 1129 esto·
1130 1084 1299 1145 refert3
1321 1087 1367 1136 <Sc
1386 1087 1651 1136 Hadrianus
1672 1090 1790 1154 Papa
1816 1089 1858 1134 in
1884 1084 2021 1154 Epist.
2043 1084 2102 1133 ad

1130 1160 1357 1206 Carolurn
1395 1160 1627 1226 Magnum
1679 1158 1733 1205 de
1794 1157 2099 1225 ImaginIbus,

327 1226 370 1273 C
410 1227 456 1272 A
496 1225 531 1272 P
570 1226 617 1273 V
655 1224 700 1272 T
771 1226 866 1273 XI.
1130 1229 1244 1276 hanc
1299 1226 1538 1277 Bafilicam
1585 1230 1608 1277 a
1659 1230 1843 1296 Pelagio
1903 1233 2103 1278 Summo

1133 1298 1355 1348 Pontifice
1394 1302 1623 1366 inceptam
1644 1335 1658 1357 ,
1686 1299 1733 1349 ὅ(
1761 1302 1976 1367 :iJoanne
2011 1304 2104 1360 ejus

219 1365 289 1412 De
324 1363 444 1412 Eccle
463 1382 502 1411 la
532 1361 770 1412 Sdnfforum
801 1381 974 1432 quatuor
1133 1368 1390 1419 Successore
1412 1368 1657 1437 perfeftam
1677 1368 1801 1418 fuisse
1818 1371 2107 1435 tradit.Qa-

441 1435 751 1501 Coronatormn.
1132 1456 1317 1508 propter
1349 1439 1455 1488 clim
1493 1440 1672 1490 historia
1691 1442 1733 1489 in
1753 1439 1947 1490 obscuro
1963 1440 2105 1508 polita

1133 1509 1205 1568 fit,
1225 1514 1322 1559 aliis
1343 1530 1439 1559 eam
1463 1510 1485 1558 ἐ
1513 1512 1706 1561 tenebris
1733 1511 1917 1560 eruendi
1946 1529 2105 1560 curam

113 1576 245 1714 V
265 1594 335 1624 LT
355 1593 386 1624 R
404 1592 435 1623 A
475 1575 604 1643 supra
642 1577 799 1624 relatas
837 1576 1082 1636 Ecclefias,
1136 1583 1453 1649 relinquimus.

285 1665 480 1713 quarum
520 1645 850 1694 construflione
873 1683 887 1702 ,
919 1665 1083 1714 atque„

114 1733 278 1766 ornatu
314 1720 488 1784 pietas,
521 1715 924 1784 &magnificentia
956 1723 1084 1767 Con·
1312 1727 1355 1773 C
1396 1730 1439 1773 A
1482 1727 1516 1773 P
1554 1727 1600 1772 V
1639 1725 1684 1771 T
1772 1727 1928 1775 XIII.

113 1789 294 1837 stantini
334 1789 629 1853 Imperatoris
669 1790 870 1843 enituit,
927 1788 1136 1836 carun-C
1631 1845 1636 1849 ι

114 1859 310 1924 demque
329 1859 373 1905 in
400 1857 537 1907 Libro
569 1856 821 1906 Pontificali
840 1894 854 1915 ,
891 1857 937 1907 ὅ(
963 1859 1085 1926 apud
1336 1863 1406 1911 De
1432 1863 1630 1932 ‘Bastlica
1660 1861 1704 1912 S.
1731 1863 1904 1913 Sabinae.

114 1931 229 1978 alios
253 1930 480 1977 Auctores
516 1942 638 1976 certa
658 1931 830 1976 mentio
856 1928 918 1976 est
943 1965 956 1985 ,
990 1933 1084 1978 aliae

113 1999 322 2066 quaedam
355 1997 456 2046 sunt
486 2000 529 2045 in
551 2000 631 2046 hac
650 1998 803 2046 eadem
823 1999 955 2048 Urbe
979 2037 991 2057 ‚
1029 2003 1083 2048 de
1277 2023 1307 2054 N
1340 2005 1364 2051 a
1389 2005 1541 2054 nostro
1584 2011 1868 2073 Imperatore
1903 2004 2107 2054 constru-

113 2070 275 2136 quibus
294 2106 306 2126 ,
332 2072 406 2117 vel
429 2071 610 2135 antiqua
635 2070 820 2118 traditio
837 2108 850 2127 ,
874 2072 948 2118 vel
970 2089 1083 2136 quae-
1313 2077 1384 2124 &a
1405 2079 1484 2140 hec
1500 2076 1636 2125 fuerit
1653 2077 1879 2134 Ecclesia,
1909 2077 2104 2125 dubium

115 2141 219 2188 dam
263 2138 536 2188 subobscura
585 2140 752 2188 indicia
806 2139 1039 2207 supersunt
1068 2161 1083 2200 3
1137 2162 1276 2194 etam
1308 2147 1541 2196 redditur.
1574 2151 1838 2197 Pancirolus
1871 2150 1986 2195 enim
2020 2150 2105 2195 ἰὼ

115 2210 217 2259 ideo
258 2228 415 2258 earum
450 2213 634 2259 notitias
656 2247 669 2267 ,
700 2210 1084 2278 qualescumque,
1139 2222 1255 2285 Reg.
1272 2238 1320 2275 9.
1351 2217 1522 2266 Eccles.
1551 2222 1596 2266 8.
1621 2220 1880 2285 opinionem
1910 2216 2106 2265 affirma-

114 2280 230 2338 fint,
261 2280 339 2328 sub
377 2283 517 2329 OCUliS
552 2299 669 2346 ΡΟΠΟ
709 2317 722 2337 ,
780 2280 917 2330 fidem
950 2286 1082 2349 penes
1136 2291 1278 2336 rivam
1301 2288 1718 2345 tuetunatfiben&
1740 2287 2106 2356 inscriptionem,

113 2353 404 2401 Pancirolum
424 2387 439 2408 ,
460 2349 767 2401 Ecclefiarum
787 2352 930 2402 Urbis
955 2352 1081 2401 histo-
1133 2360 1413 2425 palmaribus
1448 2362 1589 2408 literis
1637 2358 1824 2408 Mufivo
1860 2377 1993 2425 opere
2033 2376 2107 2406 ex-

113 2424 230 2470 riaffl
251 2420 598 2478 describentem,
616 2422 925 2487 selissquessdo·
1135 2429 1288 2496 preffis
1303 2466 1316 2486 ‚
1335 2433 1377 2476 in
1398 2430 1554 2479 eadem
1578 2429 1763 2479 Basilica
1785 2431 1932 2478 adhuc
1951 2444 2105 2477 extan-

185 2497 314 2542 Inter
352 2490 569 2541 Ecclefias
589 2528 604 2549 ,
636 2492 691 2540 de
722 2493 883 2557 quibus
909 2493 1084 2544 dubita·
1136 2515 1226 2548 tem
1256 2537 1269 2558 ,
1319 2504 1626 2549 examinemus
1646 2537 1660 2558 ,
1689 2502 1712 2550 εἰ
1739 2501 1940 2567 quodam
1968 2504 2105 2549 Petro

110 2578 187 2612 tur
205 2600 220 2620 ,
252 2564 345 2610 ana
366 2562 563 2630 piissimo
584 2566 867 2628 Imperatore
885 2564 1085 2613 constru-
1134 2571 1282 2622 Urbis
1317 2571 1596 2638 Presbytero
1613 2608 1628 2628 ,
1659 2574 1736 2638 qui
1758 2588 1963 2638 tempore
1995 2575 2106 2619 Coe.

112 2634 191 2683 &ae
225 2631 429 2690 fuerint,
465 2636 627 2682 merito
661 2634 753 2681 haec
788 2637 911 2682 venit
949 2642 1281 2690 annu-Dlestini
1306 2646 1346 2690 1.
1367 2644 1482 2690 vixit
1505 2680 1519 2700 ,
1551 2660 1711 2709 nempe
1743 2645 1863 2690 circa
1896 2659 2105 2690 annum„

110 2703 327 2753 meranda
347 2740 361 2761 ‚
380 2703 485 2752 cdm
513 2703 722 2752 laudatus
744 2707 1008 2754 Pancirolus
1040 2710 1084 2755 in
1135 2724 1254 2775 426,
1284 2712 1555 2762 aedificatam
1587 2710 1711 2761 fuisse
1738 2711 1983 2762 dicendum
2016 2710 2105 2769 est,

110 2773 201 2824 suis
249 2772 491 2823 Thesauris
540 2772 812 2823 absconditis
864 2780 1082 2825 Romanae
1135 2785 1260 2850 quod
1295 2783 1341 2832 ὃ(
1383 2783 1671 2832 veriffimum
1704 2783 1788 2832 effe
1822 2781 1978 2830 censeo
2008 2817 2022 2838 ,
2055 2797 2106 2831 ut

115 2846 334 2896 Ciuitatis
363 2849 481 2914 Reg.
507 2864 550 2892 2.
571 2843 741 2894 Eccles.
765 2863 842 2893 22.
865 2847 977 2894 hanc
999 2852 1079 2896 SS.
1136 2854 1308 2903 ostendi
1336 2855 1381 2901 in
1404 2873 1541 2923 opere
1557 2856 1614 2904 de
1631 2859 1743 2904 Vet.
1762 2854 1965 2905 Monim.
1984 2867 2104 2920 part.

111 2931 306 2983 quatuor
340 2919 683 2965 Coronarorum
723 2916 747 2962 ὲ
781 2916 1082 2966 Constantino
1141 2944 1181 2974 1,
1203 2943 1299 2993 cap.
1329 2943 1411 2973 21,

112 2985 381 3035 aedificatam
409 3023 423 3044 ,
480 2984 573 3034 five
601 2984 751 3052 potitis
792 2988 1084 3036 restitutam„

112 3053 241 3105 fuisse
270 3056 484 3105 testetur.
522 3060 686 3105 Praeter
722 3057 834 3105 hanc
852 3060 1083 3116 notitiam,

117 3127 252 3176 aliam
267 3127 458 3177 minime
479 3127 717 3176 adinveni.
