2331 3585
675 231 1063 282 CAPu

1139 234 1192 285 T
1296 232 1400 283 IV.

1927 259 2017 304 105

111 320 309 370 duorum
338 320 559 369 memoria
590 319 675 368 hoc
714 322 758 368 in
791 323 894 370 loco
929 320 1115 372 serva-A
1137 321 1349 389 cappellae
1376 357 1391 378 ,
1430 340 1482 369 ac
1499 326 1646 384 januae
1675 337 1839 391 magna
1866 327 2017 376 locata
2045 319 2106 375 est

113 407 191 442 tur
203 427 218 449 ,
237 411 332 459 quae
350 390 410 438 fic
440 388 481 438 se
498 390 630 440 habet
651 428 661 438 .

182 463 284 512 Loc.
335 462 506 509 Dulciti
533 496 548 519 ,
580 468 633 510 ἐξ
673 461 938 511 Euthichicis
971 461 1083 513 Not.

117 535 236 584 Eccl.
265 533 391 583 Rom.
408 551 450 600 q.
477 532 632 598 compb.
678 532 787 581 idest
807 552 939 600 quem
960 552 1086 583 com-

115 603 388 673 paraberunt
403 640 418 661 ,
449 621 533 670 pro
552 619 939 669 comparaverunt
956 641 966 652 .

186 675 236 725 >P
272 674 406 722 Locus
459 672 578 721 Petri
628 674 874 722 subdiaconi
924 675 1084 724 Sam‘lae

117 747 238 795 Eccle
257 764 302 795 zae
343 745 538 793 Romanae
569 744 607 792 R
618 749 952 813 eg.primae,quem
984 766 1084 795 com-

112 823 325 884 paravit,
351 816 400 882 st'
423 814 596 871 bivum,
624 834 706 882 pro
732 815 774 863 se
805 818 914 865 vivo
931 855 942 866 .

189 888 443 937 Annalium
477 886 891 936 Ecclesiasticorum
921 905 1081 956 parens

1135 409 1392 440 marmorea
1409 392 1564 440 tabula
1579 429 1593 449 ,
1620 394 1870 442 altitudinis
1886 413 2106 462 quatuor,

1135 463 1435 531 longitudinis
1485 462 1598 512 vero
1647 464 1891 512 duodecim
1937 471 2108 533 palmo·

1137 551 1239 582 rum
1257 569 1272 590 ,
1310 536 1352 581 in
1385 553 1472 599 qua
1500 536 1702 582 carmina
1730 536 1752 581 εἰ
1780 538 1831 583 Β.
1855 537 2107 587 Pontifices

1134 603 1339 654 Damaso
1370 621 1578 662 exarata,
1604 602 1835 653 occafione
1854 643 1869 663 ,
1905 627 1995 674 qua
2015 608 2106 676 ipse

1136 674 1350 726 Pontifex
1377 675 1602 740 quandam
1622 676 1945 726 humiditatem
1964 714 1979 735 ,
2010 698 2105 745 quae

1134 744 1462 812 quiescentium
1511 748 1554 794 in
1589 745 1775 795 Christo
1817 766 2010 815 corpora
2048 752 2107 798 la-

1134 814 1386 866 befatstabat
1400 853 1414 873 ,
1433 816 1647 865 exficcari
1668 817 1906 867 mandavit
1922 855 1936 876 ,
1962 821 2102 868 literis

1132 887 1387 936 altitudinis
1416 890 1652 936 unciarum
1679 889 1820 936 trium
1842 888 2103 957 insculpta*

119 958 375 1010 Cardinalis
415 959 634 1005 Batonius
669 957 726 1005 ad
760 976 929 1006 annum
957 976 1076 1021 414.
1130 956 1248 1016 sunt3
1271 977 1367 1025 quae
1388 960 1588 1006 carmina
1610 960 1848 1007 retulimus
1869 959 1995 1027 supra
2018 959 2097 1010 sub

115 1028 560 1096 supramemoratum
610 1030 856 1077 Dulcitum
901 1030 1108 1107 illum-‚B

116 1097 240 1148 fuiffe
260 1099 394 1146 docet
412 1097 673 1147 Tribunum
695 1134 709 1155 ,
741 1098 788 1150 ὅ(
804 1102 1071 1150 Notarium.

115 1168 295 1219 missum
313 1170 360 1217 in
378 1166 585 1217 Africam
600 1170 653 1218 ab
674 1172 959 1237 Imperatore
976 1207 992 1229 ,
1011 1174 1076 1220 vi-

1129 1046 1257 1077 num.
1277 1048 1300 1090 3
1318 1049 1358 1078 1.

1204 1117 1283 1162 25.
1323 1103 1489 1168 Imago
1510 1104 1562 1149 B.
1581 1102 1738 1149 Mariae
1766 1103 1975 1169 Virginis
1999 1120 2106 1150 mu·

1131 1166 1226 1218 s1vo
1246 1187 1383 1238 opere
1400 1172 1629 1220 elaborata
1649 1207 1663 1228 ,
1698 1190 1797 1238 quae
1814 1174 1927 1220 olim
1945 1172 2001 1221 ad
2020 1175 2100 1223 Ci·

117 1259 220 1290 rum
259 1237 587 1306 ampliffimum
619 1276 635 1297 ,
682 1259 733 1289 ac
764 1239 982 1290 disertum
1018 1241 1076 1291 ad
1129 1240 1507 1308 boriumjoannis
1525 1245 1928 1309 PapaeVII.erat,
1953 1245 1997 1292 in
2019 1251 2108 1291 ²·oC

114 1330 248 1378 quem
270 1308 630 1377 D.Augustinus
650 1310 815 1361 direxit
833 1313 1001 1362 librum
1023 1313 1078 1361 de
1128 1313 1232 1360 loco
1270 1314 1493 1360 collocata
1528 1317 1733 1361 cernitur
1766 1350 1776 1360 .

114 1383 220 1431 οξὶο
242 1380 556 1448 quaestionibus
571 1417 582 1428 .

167 1468 244 1512 23.
284 1450 430 1500 Aliud
463 1468 776 1501 marmoreum
801 1454 1079 1521 epitaphium

113 1525 200 1572 hoc
219 1526 262 1570 in
281 1524 384 1570 loco
401 1523 604 1569 cernitur
619 1559 634 1580 ‚
654 1525 824 1572 tenoris
842 1522 1078 1590 sequentis.

214 1593 291 1641 Lc.
311 1592 343 1649 J
346 1595 485 1640 oannis
503 1591 706 1659 Alccenfis
736 1593 786 1660 se
811 1593 916 1643 Vibo
933 1611 1087 1662 compa.

111 1668 236 1714 ravit
264 1664 314 1713 P.
337 1662 387 1711 C.
418 1662 621 1711 Viator-is.
638 1664 737 1712 Ubi
760 1664 836 1712 Lc.
857 1664 1080 1733 fignificat

111 1737 222 1784 locus
237 1772 251 1791 ‚
282 1734 388 1783 ‘vibo
411 1738 549 1791 ⁴7)in
567 1733 670 1782 P.C.
683 1736 771 1800 post
802 1735 1080 1803 Consulatum.

113 1804 315 1856 Inferius
336 1805 427 1851 haec
446 1803 666 1853 habentur
680 1841 690 1852 .

181 1876 454 1941 Epitaphium
495 1874 671 1929 Ioannis
720 1875 924 1945 Alicetfis
955 1878 1080 1926 Gela-

95 1947 166 2016 sio
192 1946 231 1995 I.
252 1965 352 1994 anno
377 1944 713 1995 CCCCXCVI.
758 1967 811 1996 ex
850 1932 1144 1996 demolitio-C.
1163 1983 1174 1994 .
1194 1983 1204 1994 .

110 2039 158 2067 ne
171 2017 253 2084 fitb
285 2017 413 2067 Paulo
436 2014 488 2066 V.
515 2022 678 2066 veteris
711 2017 887 2085 Templi
923 2019 993 2067 hic
1010 2035 1079 2085 po-

96 2090 364 2211 stcugcilicet
391 2160 518 2211 locus
533 2159 725 2227 Joannis
758 2159 984 2209 Alicenfis
1005 2159 1077 2209 sa,

111 2235 222 2282 vivo
275 2233 559 2296 comparavit
611 2229 708 2297 post
770 2229 1077 2281 Consulatum

111 2303 331 2352 Viatoris.
356 2301 544 2348 Flavius
570 2303 712 2370 igitur
731 2304 897 2351 Viator
925 2300 1078 2351 secun-

110 2374 222 2423 dum
256 2368 444 2421 Calvisii
478 2386 752 2438 computum
773 2371 1077 2423 Consulatum
1129 2407 1167 2420 ..
1188 2412 1199 2426 .

112 2443 245 2515 gestit
263 2460 335 2490 an.
350 2459 468 2503 495.

182 2511 377 2582 Ingreffi
397 2509 566 2560 fuimus
596 2514 864 2580 Cappellarn
883 2550 898 2572 ,
933 2514 1075 2563 modo
1130 2549 1142 2563 .
1162 2550 1172 2561 .
1191 2550 1202 2561 .

109 2586 163 2634 ab
195 2586 270 2632 illa
287 2583 580 2651 egrediamur
594 2618 609 2640 ,
629 2586 676 2631 in
697 2589 824 2646 cujus
837 2590 984 2647 januae
1005 2604 1076 2654 pa-

110 2654 280 2707 rastatis
296 2654 353 2702 ad
370 2653 604 2702 dexteram
622 2653 857 2722 ingreffus,
875 2661 1076 2707 cernitur

110 2728 252 2776 statua
282 2741 539 2772 marmorea
570 2727 879 2794 anaglyphico
912 2745 1079 2795 opere„

107 2796 357 2852 elaborata,
377 2795 662 2862 S-Jacobum
682 2799 909 2858 Majorem
934 2815 1078 2865 repre·
1130 2833 1141 2845 .
1157 2833 1169 2845 .
1187 2834 1199 2846 .

105 2868 281 2918 sentans
307 2901 322 2922 ,
355 2882 452 2931 quae
486 2866 603 2914 olim
632 2865 816 2914 extabat
847 2867 906 2915 ad
937 2865 1077 2935 sepul·

107 2956 239 2989 crum
260 2936 445 2985 Nicolai
465 2939 527 2984 V.
549 2938 731 2985 Summi
753 2936 1006 2996 Pontificis3
1028 2941 1075 2987 in
1126 2973 1138 2986 .
1157 2974 1169 2986 .
1184 2977 1195 2987 .

106 3011 193 3063 alia
212 3008 325 3055 vero
344 3004 561 3073 parastata
581 3007 720 3054 altera
738 3006 798 3054 est
813 3007 1074 3075 statua,pari

105 3079 247 3130 modo
263 3075 462 3144 sculpta,
484 3080 531 3126 S.
546 3076 783 3144 jacobum
802 3081 1074 3128 Minorem
1124 3115 1136 3128 .
1154 3116 1165 3128 .

104 3151 356 3205 denotans,
386 3166 482 3214 quae
514 3146 672 3196 itidem
706 3148 752 3196 in
780 3152 945 3197 eodem
976 3164 1073 3199 erat

104 3220 333 3288 sepulcro.

179 3307 259 3353 24.
300 3291 355 3337 In
391 3289 560 3354 pariete
600 3287 622 3337 ἐ
657 3286 901 3357 conspectu
937 3291 1069 3352 hujus

1084 2692 1206 2732 D...

1829 1319 1977 1380 Supra
2008 1332 2108 1362 ean·

1129 1382 1234 1430 dem
1272 1385 1521 1450 imaginem
1557 1401 1818 1432 marmorea
1847 1385 2001 1433 tabula
2023 1383 2108 1433 fita

1132 1451 1193 1501 est
1223 1489 1238 1510 ,
1288 1456 1520 1502 continens
1559 1452 1872 1523 fragmentum
1911 1455 2110 1522 epistolae

1135 1523 1319 1573 diretstae
1345 1524 1400 1572 ad
1428 1525 1642 1573 Flavium
1677 1527 1946 1575 Eutherium
1979 1527 2003 1573 ὲ
2033 1527 2110 1573 tri-

1136 1595 1219 1643 bus
1242 1595 1602 1661 Imperatoribus
1622 1632 1638 1655 ,
1670 1615 1753 1663 pro
1773 1595 2003 1645 servandis
2030 1596 2110 1644 bo·-

1132 1668 1198 1714 nis
1243 1663 1455 1715 Ecclefiae
1495 1702 1510 1724 ‚
1560 1672 1685 1731 cujus
1734 1666 1930 1735 epistolae
1979 1681 2108 1716 tenor

1131 1735 1206 1783 est.

1204 1842 1215 1854 .
1233 1843 1243 1854 .
1263 1842 1273 1853 .
1297 1804 1482 1855 MPER
1502 1807 1542 1855 A
1559 1807 2108 1860 VGGG-FL.EVTHE-

1270 1875 1554 1927 RIQSVO.
1572 1878 1690 1927 SAL
1708 1878 1929 1930 VTEM.

1240 1945 1447 2013 Praeczpuo
1501 1949 1730 1999 cunfforum
1782 1952 1903 2017 plan?
1960 1954 2012 2019 eft
2047 1955 2108 2002 tess

1269 2019 1399 2066 nenda
1428 2021 1612 2087 consknsit

1130 2124 1140 2137 .
1157 2124 1168 2137 .
1184 2126 1195 2137 .
1215 2087 1384 2209 77117133·
1406 2091 1606 2149 ducimus,
1634 2093 1719 2142 ‘vel
1745 2092 1926 2141 cultibus
1958 2109 2005 2143 ut
2043 2096 2104 2142 ul-

1286 2178 1310 2207 a
1365 2182 1383 2208 e
1411 2178 1522 2211 ereat
1567 2182 1611 2209 ro
1641 2182 1666 2212 a

1225 2176 1433 2280 includitis·
1459 2233 1518 2281 ud
1534 2177 1639 2301 Ρᾳιιὲ
1665 2234 1867 2300 insultare
1911 2234 2104 2302 reliquiis

1264 2303 1502 2368 praedifz'um
1520 2319 1599 2370 pro

1214 2392 1255 2419 eo
1279 2373 1419 2439 fucris
1466 2391 1620 2422 certum
1668 2376 1719 2442 est
1750 2377 1986 2443 ministeriis
2028 2375 2103 2424 ad-

1270 2463 1345 2511 que
1359 2446 1551 2511 misteriis

1230 2515 1316 2562 lum
1338 2516 1464 2582 sbptu
1488 2517 1941 2584 confiaergerent‚verum
1973 2520 2100 2567 etiam

1261 2600 1487 2652 pauperum

1238 2655 1328 2706 Hoc
1353 2662 1523 2725 jugiter·
1542 2659 1717 2711 Divina
1748 2660 2011 2708 communiter
2029 2659 2099 2708 ad·

1271 2747 1347 2795 que
1363 2730 1538 2777 humana

1228 2798 1362 2846 eodem
1388 2801 1605 2864 constituta
1640 2799 1824 2866 pqffeffio
1853 2803 2097 2866 experiatur

1267 2868 1488 2935 Emptores

1221 2956 1339 3006 mque
1373 2954 1611 3005 perpetuam
1643 2956 1798 3007 praeter
1828 2941 2095 2992 venerabiles

1265 3010 1499 3058 culcusulla

1187 3115 1199 3128 .
1233 3099 1281 3128 us
1311 3082 1520 3129 muniendi
1539 3081 1658 3147 fides
1685 3082 1817 3150 adque
1850 3087 2095 3134 reverentia

1257 3161 1449 3216 perennis

1151 3257 1161 3269 .
1184 3257 1195 3270 .
1221 3220 1445 3288 Majesz‘ute
1458 3237 1655 3288 perpetua
1671 3240 1824 3274 certum
1845 3227 1898 3292 est
1917 3223 1993 3292 effi
2014 3244 2092 3275 ve-

1259 3292 1481 3351 nefabilem

1500 3364 1550 3415 Ο
1911 3362 2021 3418 ...ἐ
