2331 3585
279 162 375 211 116
549 159 1141 213 DESACRIS
1210 162 1825 217 AEDIFICIIS

203 247 439 314 apposuit,
469 246 575 296 cum
603 251 689 297 illae
715 253 1052 317 porphyreticae
1073 249 1365 303 fue-Aetione
1413 257 1667 323 Euangelii.
1707 258 1761 302 L.
1809 251 2050 302 ambonem
2101 270 2184 321 pro

201 321 321 368 rint.
363 317 443 367 Ad
471 321 623 368 altaris
657 320 890 370 dexteram
923 324 971 371 in
1007 324 1167 371 eadem
1218 326 1410 374 lectione
1427 325 1652 391 Epistulae.
1672 325 1908 372 Lestorem
1930 324 2002 371 hic
2030 323 2188 372 admo-

201 387 589 448 Confeffione,ac
610 395 809 457 pariete,
834 395 1167 459 velutiparvaa
1215 399 1365 444 nitum
1408 399 1514 444 volo
1558 415 1667 443 areae
1707 398 1883 443 laminae
1936 392 2185 443 Incisorem

199 457 261 506 est
277 456 491 518 fenestra,
507 461 652 510 tribus
671 464 851 511 circiter
869 465 1032 529 palmis
1048 467 1137 513 lata
1150 500 1164 522 ‚

198 528 376 577 duobus
396 532 485 578 alta
501 567 516 589 ,
534 533 818 600 totidemque
843 536 960 581 intra
977 552 1163 583 murum

195 599 404 666 porrechi
419 636 429 648 .
449 605 593 671 Super
613 604 726 652 hanc
743 622 950 652 marmor
968 604 1164 667 ejusdem

193 670 521 739 magnitudinis
551 671 766 723 tessellato
797 693 930 742 opere
969 675 1166 725 elabora-

195 755 296 788 tum
313 744 512 792 cernitur
529 779 545 801 ‚
570 747 613 793 in
632 751 756 808 cujus
773 745 1058 803 summitate,
1074 745 1166 794 five

193 812 239 858 in
268 810 484 879 superiori
511 816 713 882 zophoro
745 817 837 865 duo
855 852 870 874 ,
901 819 945 865 in
964 814 1166 867 inferiori

193 881 307 930 ver&
323 898 448 948 parte
466 902 662 951 quatuor
688 889 900 954 leguntur
932 890 1132 936 carmina
1148 923 1163 945 ,

194 969 393 1018 quorum
427 956 703 1005 charaffleres
732 959 932 1007 Honorii
958 973 1164 1024 tempora

192 1023 414 1071 redolent.
447 1028 523 1076 Cl.
560 1031 624 1076 V.
658 1030 932 1084 Panvinius,
969 1030 1164 1094 aliique,

195 1095 448 1159 Scriptores
473 1096 554 1159 hec
579 1100 778 1145 carmina
797 1097 965 1146 omiffis
985 1098 1162 1147 duobus

190 1163 494 1229 superioribus
510 1164 731 1223 referunt,
748 1182 795 1216 at
811 1166 1044 1228 mendosa;
1062 1170 1162 1218 ideo

191 1235 366 1302 integra
380 1271 393 1292 ,
418 1254 621 1302 puraque
637 1238 825 1287 exhibeo
845 1277 856 1288 .

175 1303 276 1360 Jam
311 1306 410 1352 licet
444 1307 649 1375 afficiofic
685 1326 727 1356 te
761 1312 1011 1376 praestantior
1042 1310 1159 1369 Arae,

261 1375 339 1426 Tu
369 1387 485 1424 tami?
506 1397 546 1425 es
565 1383 692 1426 cratis
721 1382 861 1447 celsior
881 1381 1043 1447 ignibus
1062 1384 1134 1430 hoc
1149 1419 1160 1430 .

185 1444 246 1493 Et
273 1451 472 1514 quamvis
501 1467 617 1516 mage
654 1466 702 1498 tu
730 1467 867 1499 tamen
896 1457 1044 1499 extitit
1085 1456 1160 1502 ille

321 1519 502 1584 perustus
518 1555 534 1577 ,

260 1587 383 1651 Uffic
405 1604 446 1635 te
458 1607 594 1638 crates
611 1628 625 1650 ,
653 1592 748 1656 uffit
771 1599 822 1640 r&
846 1594 1085 1659 almafides.

182 1654 298 1737 'sz
308 1656 493 1723 fervore
505 1668 600 1723 pari
620 1662 652 1717 J
656 1661 784 1728 ustjni’
795 1665 936 1727 pessus
948 1700 962 1721 ,
981 1664 1128 1729 aduffit
1142 1701 1157 1722 ,

253 1733 378 1790 §ujus
412 1733 457 1776 in
501 1734 579 1780 hoc
609 1733 731 1799 fitero
766 1734 944 1781 membra
994 1750 1155 1782 manent
1171 1743 1385 1799 Ctempore

323 1800 454 1847 loculo
473 1838 484 1849 .

1217 467 1422 514 ordinem
1443 502 1457 523 ,
1487 465 1577 514 five
1599 468 1696 514 loca
1723 467 1971 513 ambonum
2005 484 2186 531 perver-

1215 535 1308 586 tiffe
1329 573 1340 585 .
1374 541 1476 587 Hos
1500 536 1715 583 ambones
1742 539 1785 582 in
1805 540 1965 599 majori
1995 534 2185 584 forma...

1215 610 1453 656 retulimus
1475 610 1517 654 in
1534 605 1687 654 nostro
1705 625 1838 673 opere
1863 622 1951 654 vet.
1981 608 2183 655 Monim.

1216 693 1330 746 part.
1353 697 1392 726 1.
1409 696 1505 744 cap.
1525 696 1568 724 2.
1585 681 1702 727 Haec
1725 677 1921 724 breviter
1950 677 2006 725 de
2023 692 2183 725 tanta..

1218 747 1405 799 Basilica.
1432 744 1636 795 indicaffe
1669 746 1722 795 fit
1752 742 1856 794 satis
1875 783 1888 803 ,
1917 745 1961 796 ἃ
1991 747 2047 794 ad
2075 750 2182 795 alias

1215 819 1523 869 describendas
1555 817 1808 867 sermonem
1824 834 2150 866 convertamus
2170 852 2181 864 .

1417 961 1784 1010 CAPVT
1859 963 1981 1010 VII.

1179 1003 1209 1041 B

1250 1100 1320 1149 De
1344 1101 1574 1167 Sffiriana
1598 1098 1794 1167 ‘Bqfilica
1811 1101 1941 1168 ,five
1969 1101 2148 1169 Ecclcfia

1395 1170 1439 1220 S.
1470 1172 1616 1220 Crucis
1644 1178 1689 1220 in
1721 1172 2004 1238 Hierusalem.

1291 1315 1335 1360 N
1370 1316 1591 1381 Exquiliis
1610 1349 1624 1371 ,
1654 1332 1707 1361 ac
1730 1309 1980 1364 Sessoriano
2007 1314 2182 1362 Palatio

1314 1383 1458 1432 noster
1534 1388 1790 1450 Imperator
1858 1382 2181 1432 Constantinus

1208 1458 1345 1501 aliam
1365 1454 1605 1503 aedificavit
1627 1453 1862 1503 Basilicam
1883 1489 1898 1510 ,
1931 1457 2003 1502 cui
2022 1453 2076 1502 ab
2105 1471 2180 1501 eo·-

1210 1523 1314 1572 dem
1349 1527 1523 1574 Palatio
1553 1523 1807 1575 Sessorianae
1836 1541 2002 1572 nomen
2033 1523 2182 1572 inditii

1209 1591 1310 1642 fuit.
1330 1599 1400 1643 De
1419 1598 1499 1643 hac
1524 1598 1567 1643 in
1590 1594 1845 1644 Pontificali
1866 1595 1981 1642 libro
2002 1611 2056 1643 ex
2076 1593 2179 1661 sepe

1210 1666 1345 1712 citata
1371 1665 1595 1728 Sylvestri
1610 1669 1704 1715 vita
1721 1666 1778 1714 fic
1799 1667 1970 1732 legitur
1987 1685 2000 1724 3
2030 1665 2181 1713 Eodem

1440 1738 1552 1804 ficit
1622 1736 1904 1803 Constantinus
1974 1737 2181 1803 Augustus

1210 1802 1446 1870 ‘Bafilicam
1491 1812 1535 1854 in
1574 1806 1741 1855 Palatio
1786 1807 2012 1873 Scffbriano
2039 1841 2054 1863 ‚
2106 1805 2179 1854 ubi

183 1868 366 1935 Qibus
388 1872 585 1921 verfibus
607 1872 830 1939 S-Justini
860 1875 1155 1941 Presbyteri,
1208 1881 1332 1922 etiam
1373 1877 1425 1924 de
1464 1879 1574 1945 ligno
1614 1876 1769 1927 SanHae
1817 1878 1960 1936 Crucis
2006 1877 2069 1924 D.
2115 1873 2181 1925 N.

183 1939 230 1988 ὃ(
263 1943 492 2006 Martyris
524 1943 782 2011 sepulcrum
821 1945 881 1994 ibi
920 1945 1002 1994 esse
1025 1946 1157 1995 doce·
1195 1945 1249 2002 Je
1269 1967 1297 1993 ιι
1328 1946 1481 2015 Christi
1508 1964 1560 2014 po
1582 1954 1646 1996 uic
1666 1986 1680 2006 ‚
1708 1956 1760 1998 &
1787 1967 1912 2005 auro,
1936 1955 1988 1996 &²
2012 1951 2182 2016 gemmis

179 2027 316 2057 mur·
1206 2018 1395 2084 conclzfit
1425 2055 1440 2076 ,
1483 2019 1554 2066 ube·
1583 2025 1706 2067 eciam
1743 2027 1795 2067 ἅδ’
1821 2038 1958 2066 nomen
1997 2019 2117 2067 Eccle
2135 2036 2182 2067 zae

255 2084 325 2129 Vt
351 2096 504 2131 autem
534 2083 625 2151 ipse
642 2087 802 2135 oculus
835 2089 983 2153 aliqua
1009 2107 1060 2136 ex
1090 2089 1156 2135 his
1207 2088 1456 2146 dedicavit,
1491 2109 1577 2156 quae
1609 2094 1914 2157 cognominatur
1943 2089 2061 2156 usque
2096 2094 2182 2138 im,

183 2168 281 2216 quae
299 2150 492 2203 dicimus
513 2173 595 2223 pro
615 2172 752 2221 caput
768 2172 947 2215 teneat⁹
976 2156 1156 2207 utinsti-
1207 2159 1440 2208 hodiernum
1465 2161 1570 2206 diem
1602 2160 1857 2226 Hierufhlem
1885 2195 1900 2216 ,
1939 2167 2028 2207 &a
2064 2163 2180 2209 Haec

180 2223 300 2279 tuti,
335 2239 469 2290 atque
498 2227 713 2292 propositi
743 2228 882 2276 nostri
902 2228 962 2275 est
980 2266 994 2286 ‚
1026 2231 1155 2291 hujus
1211 2228 1398 2278 Basilica
1417 2230 1565 2279 adhuc
1589 2233 1765 2299 integra
1781 2232 1995 2280 cernitur.
2015 2231 2180 2295 Qalis

177 2289 379 2340 Basilicae
449 2296 682 2345 Tabulam
757 2301 1157 2368 ichnographicam
1209 2315 1359 2348 autem
1384 2298 1437 2350 fit
1451 2306 1540 2363 ejus
1559 2303 1820 2369 amplitudo
1837 2337 1853 2358 ,
1890 2300 1937 2350 ὃς
1954 2300 2180 2350 Ρῑωὲὶιιῑει

181 2359 416 2412 referimus
433 2363 512 2413 sub
532 2384 607 2415 nu.
628 2371 826 2417 XXVI.
846 2373 899 2418 In
922 2372 1002 2417 hac
1017 2373 1158 2438 igitur
1212 2372 1398 2421 Tabulae
1427 2374 1817 2440 Ichnographica,
1844 2370 1894 2421 ἃ
1922 2373 2180 2440 Orthogra-

178 2436 243 2480 A.
279 2436 331 2480 B.
363 2436 573 2484 ultimam
607 2437 988 2488 construtslionem
1020 2443 1157 2490 deno·
1211 2443 1336 2509 phica
1353 2440 1430 2490 sub
1447 2460 1575 2491 num.
1596 2447 1686 2491 IV.
1707 2442 1753 2493 (Sc
1772 2448 1834 2492 V.
1854 2461 1951 2509 cap.
1975 2462 2020 2490 2.
2038 2441 2178 2489 nostri

177 2515 276 2550 tant
302 2502 356 2550 ab
392 2508 606 2555 Honorio
638 2512 736 2557 111.
770 2507 970 2570 saffiam3
1008 2515 1066 2560 C.
1093 2516 1154 2560 D.
1207 2516 1354 2579 operis
1370 2527 1511 2561 veter.
1526 2515 1727 2562 Monim.
1746 2527 1860 2580 part.
1882 2532 1921 2560 1.
1942 2512 2018 2560 ubi
2037 2509 2177 2561 fusius

180 2586 384 2622 veterem
416 2594 573 2625 a-rcum
603 2580 926 2646 triumphalem
945 2616 959 2637 ,
989 2584 1032 2628 in
1062 2586 1196 2647 quoD
1209 2585 1490 2649 explicantur
1509 2619 1524 2640 ‚
1551 2582 1615 2632 sat
1630 2584 1825 2632 docent.

177 2641 200 2688 ὲ
233 2643 468 2709 posteriori
484 2662 607 2712 parte
624 2684 639 2704 ,
661 2668 758 2714 quae
778 2648 954 2714 respicit
970 2653 1150 2700 literam

177 2712 359 2761 Eadest
376 2715 605 2765 mufivum
625 2735 737 2784 opus
753 2721 942 2787 Pelagii,
959 2724 1008 2768 E.
1028 2725 1146 2770 EG.

176 2784 481 2849 antiquiorem
510 2787 758 2836 Eccleiiam
785 2825 799 2846 ,
840 2792 914 2838 ubi
942 2809 1060 2838 nunc
1089 2790 1151 2840 est

177 2854 389 2902 cathedra
429 2874 693 2906 marmorea
736 2859 1013 2927 Episcopalis
1040 2897 1054 2919 ,
1099 2881 1151 2910 ac

175 2923 528 2992 circumquaque
550 2927 702 2977 sedilia
730 2931 920 2995 lapidea.
937 2935 1004 2982 H.
1023 2951 1150 2982 aram

175 2994 420 3042 maximam
441 3032 455 3052 ,
491 3016 585 3063 quse
606 2997 885 3049 Confeffioni
911 3004 1122 3052 imminet
1137 3040 1148 3052 .

177 3065 219 3108 Ι.
253 3060 516 3113 descensum
553 3068 608 3115 ad
650 3068 990 3120 Confeffionem
1015 3109 1029 3129 ,
1073 3073 1148 3121 ubi

176 3135 422 3181 Beatorum
470 3138 700 3186 Laurentii
734 3175 748 3196 ,
797 3141 845 3192 ὃ(
893 3145 1149 3209 Hippolyti

174 3218 366 3270 corpora
388 3208 540 3267 jacent
561 3242 572 3254 .
604 3209 664 3259 K.
695 3211 944 3262 ambonem
970 3230 1054 3279 pro
1089 3215 1149 3262 le-

1274 2654 1451 2702 Verum
1497 2672 1592 2719 quae
1640 2653 1941 2704 Constantino
1973 2654 2173 2703 Bafilicae

1202 2722 1382 2785 hujusce
1413 2724 1671 2773 extruendae
1691 2722 1820 2772 causa
1849 2722 2014 2781 fuerit,
2049 2743 2175 2790 qua-2

1201 2794 1330 2842 decet
1360 2795 1583 2844 brevitate
1617 2831 1630 2851 ‚
1675 2811 1724 2842 ex
1760 2791 1957 2844 Eusebio
1993 2797 2174 2843 notitias

1201 2862 1481 2912 desumendo
1513 2864 1818 2914 enarrabimus
1847 2902 1858 2912 .
1891 2865 2018 2915 Cum
2054 2866 2175 2912 Reli-

1202 2933 1477 3001 giofiffimus
1528 2935 1602 2983 iste
1655 2939 1914 3002 Imperator
1949 2934 2173 2984 adversus

1201 3007 1492 3053 Maxentium
1515 3007 1793 3070 Tyrannum
1815 3041 1829 3062 ,
1858 3007 1933 3071 qui
1962 3009 2172 3069 Romane

1201 3076 1350 3124 Urbis
1377 3078 1621 3140 imperium
1651 3079 1696 3123 vi
1716 3091 2046 3140 occupaverat,
2080 3076 2173 3124 bel-

1202 3148 1301 3192 lum
1329 3145 1600 3203 instrueret,
1631 3147 1773 3195 Patris
1815 3143 1881 3193 sui
1908 3144 2173 3195 Constantis

1202 3219 1499 3282 Imperatoris
1531 3217 1741 3284 exemplo
1771 3232 1925 3268 motus
1951 3253 1966 3275 ,
1997 3234 2174 3280 quein-2

1981 3286 2112 3336 Chri-
