2331 3585
242 214 309 272 ‘38
495 207 618 257 DE
727 202 1126 255 SACRIS
1205 199 1827 254 AEDIFJCIIS

170 313 299 347 catur
316 334 330 355 ‚
366 297 517 346 Litera
530 300 596 345 N.
615 296 801 345 denotat
817 298 1028 363 quaedam
1046 298 1258 345 car-*Aret
1278 331 1289 341 .
1313 297 1489 344 Omnes
1517 310 1670 342 autem
1692 292 1923 362 graduum
1939 292 2152 351 ordines,

167 371 289 417 mina
304 405 317 425 ,
337 386 434 433 quae
454 370 498 415 in
517 368 672 416 eadem
689 365 836 416 fronte
853 368 1136 437 legebantur,
1187 384 1293 414 cum
1312 365 1676 427 interjacentibus
1698 365 1944 422 areolis,ab
1959 366 2052 413 ima
2073 368 2152 414 tel-

167 440 415 487 videlicet.
1186 439 1282 484 lure
1299 438 1353 484 ad
1375 454 1524 485 aream
1542 452 1648 504 mao
1655 455 1776 492 nam
1791 439 2052 503 palmorum
2074 455 2154 484 no-

169 510 252 559 Ceu
274 507 348 557 Sol
359 507 436 576 ft}
438 510 574 576 vestu
589 509 725 576 sydus
739 510 866 577 [Ζίριν
887 529 999 558 omne
1030 514 1136 558 nite·
1185 511 1370 576 naginta
1423 509 1615 573 quinque
1618 477 1998 575 Diongitudinem
2041 507 2151 556 adae*

301 581 388 647 ftzc
409 616 423 638 ,
1185 579 1422 644 quabant,
1459 577 1752 626 latitudinem
1790 577 1899 626 vero
1932 578 2153 628 ducento-

169 651 229 701 Εἰ
261 652 389 702 velut
421 652 629 716 estaurum
656 652 838 700 rutilzns
859 652 988 719 fiaeper
1020 671 1133 700 omne
1184 668 1285 698 rum
1304 655 1433 710 juxta
1451 667 1563 697 areae
1581 683 1595 705 ‚
1631 649 1820 714 atriique
1845 651 2148 697 latitudinem.

310 723 524 770 metallum
1254 724 1391 771 Hanc
1418 738 1604 775 aream,
1633 718 1678 769 ὃ(
1698 723 1866 787 gradus
1885 722 2035 786 primo
2052 720 2150 786 post

171 793 409 850 Dofirina,
440 810 525 860 quae
537 793 633 857 fide
661 794 799 851 calet,
836 800 889 842 ἐφ’
909 793 978 861 stc
1001 794 1136 859 pollet
1189 792 1542 842 Constantinum
1576 791 1929 850 Symmachus,
1958 791 2152 839 deinde-2

313 863 466 932 ubique
1189 865 1295 912 Pius
1314 866 1381 911 ΙΙ.
1399 859 1629 929 postremo
1651 862 1878 909 Martinus
1899 865 1960 909 V.
1979 859 2149 910 Pontif.

176 933 260 1002 Ista
276 936 416 982 domus
437 932 692 1000 petrtifhpeff
705 933 929 1001 fibriczta
960 933 1133 1003 quieta.
1187 937 1317 982 Max.
1358 931 1664 980 restaurarunt
1700 967 1716 988 ‚
1765 930 2104 998 amplificarunt
2136 968 2152 989 ,

177 1036 183 1037 ν
258 1009 380 1055 Ante
402 1004 673 1086 supradictas
703 1021 789 1053 ties
808 1009 969 1067 januas
998 1004 1135 1073 poste·
1187 1004 1243 1052 ad
1287 1003 1626 1082 longitudinem
1664 1004 1922 1070 palmorum
1963 1003 2153 1068 quadra·

172 1078 304 1126 rioris
323 1079 461 1142 partis
479 1078 871 1143 quadriporticus,
884 1074 1015 1143 super
1032 1093 1136 1143 gra·
1186 1077 1313 1143 ginta
1340 1078 1535 1140 quinque
1555 1071 1684 1139 supra
1715 1072 1972 1130 ducentos,
2011 1071 2151 1140 usque

171 1148 254 1196 dus
276 1145 473 1196 Bafilicae
491 1146 549 1195 ad
575 1148 818 1195 Orientem
846 1164 949 1194 area
973 1165 1135 1211 magna
1187 1146 1243 1194 ad
1265 1145 1434 1193 rectam
1455 1147 1617 1192 lineam
1638 1147 1862 1210 parietum
1887 1143 2157 1224 quadripor-

166 1217 346 1282 jacebat
361 1253 377 1275 ,
397 1232 446 1265 ut
461 1220 505 1264 in
525 1216 707 1265 laudata
724 1217 1055 1267 Tab.XII.lit.
1073 1218 1134 1267 K.
1187 1220 1304 1265 ticus
1337 1217 1393 1264 ad
1426 1215 1704 1280 Aquilonem
1721 1251 1735 1271 ,
1768 1214 1935 1262 additis
1958 1216 2104 1262 hinc
2093 1233 2155 1262 in—

170 1288 354 1354 quadris
372 1325 387 1344 ,
418 1286 717 1354 maximisque
734 1286 866 1336 strata
892 1288 1138 1336 marmori-
1188 1288 1243 1336 de
1258 1324 1272 1344 ,
1298 1287 1356 1334 ad
1373 1285 1548 1334 infimas
1563 1285 1797 1353 graduum
1814 1287 2122 1334 extremitates
2136 1320 2154 1343 ‚

171 1359 255 1407 bus
286 1395 301 1415 ,
351 1358 630 1424 habebatque
659 1361 703 1405 in
736 1359 1023 1427 longitudine
1049 1360 1138 1425 pal·-
1191 1356 1371 1406 coloffis
1403 1359 1679 1405 Marmoreis
1703 1360 1797 1404 BB.
1816 1354 2155 1423 Apostolorum

169 1447 272 1478 mos
289 1428 507 1477 ducentos
525 1464 538 1485 ,
569 1429 624 1477 ad
643 1427 899 1477 mensuram
932 1429 1137 1477 latitudi-

167 1501 240 1548 nis
257 1501 379 1556 atrii‚
399 1502 441 1548 in
465 1500 702 1548 latitudine
720 1500 829 1547 vero
850 1515 951 1547 ante
973 1498 1137 1548 faciem

165 1575 411 1634 januarum
433 1606 448 1627 ,
476 1569 548 1618 sex
579 1570 627 1620 ὅ(
658 1569 972 1638 septuaginta;
1008 1572 1137 1632 hujus

169 1658 284 1690 areae
299 1640 405 1689 situs
421 1640 757 1689 demonstratur
772 1644 814 1689 in
831 1641 999 1691 Tabul.
1018 1644 1139 1690 VH.

171 1713 242 1762 lit.
260 1715 324 1760 N.
355 1710 401 1762 ἃ
420 1711 598 1761 Tabula
618 1716 738 1762 XII.
767 1715 897 1760 litera
912 1717 964 1760 E.
982 1716 1037 1760 In
1055 1713 1137 1760 hac

170 1800 275 1831 area
316 1785 513 1830 Romani
546 1781 784 1830 Pontifices
831 1786 1136 1863 Imperatores

167 1854 367 1932 recipe-re
392 1850 624 1900 solebant.
645 1854 786 1920 Juxta
810 1855 973 1902 turrim
1002 1856 1138 1902 Cam·

1151 1892 1186 1931 C

1188 1430 1336 1485 Petri,
1355 1426 1402 1477 ὃ(
1421 1428 1577 1484 Pauli,
1593 1441 1643 1475 ut
1661 1445 1842 1475 cernere
1855 1425 1979 1475 estin
1999 1426 2156 1475 Tabu-

1188 1503 1230 1549 la
1246 1503 1368 1550 XII.
1387 1500 1453 1547 lit.
1475 1501 1588 1548 Η.Ι.
1608 1516 1714 1546 cum
1731 1498 1797 1547 his
1811 1500 1853 1546 in
1872 1515 2034 1545 eorum
2052 1495 2156 1547 bass-

1189 1570 1272 1618 bus
1310 1567 1673 1636 inscriptionibus
1692 1605 1703 1616 .

1189 1640 1335 1688 “Beato
1360 1640 1481 1689 Petro
1502 1639 1785 1705 Apostolorum
1803 1637 1992 1704 Principi
2013 1676 2025 1686 .

1188 1710 1335 1759 Ἑειιιο
1369 1710 1496 1758 Paulo
1557 1709 1660 1777 Vqfi
1685 1712 1893 1760 eleft‘ionis
1918 1711 2040 1760 ›Pius
2086 1705 2154 1758 ΙῙ.

1329 1780 1450 1830 Pam.
1470 1779 1605 1830 Affax.

1195 1850 1481 1901 Reaedificata
1510 1850 1661 1918 postea
1696 1851 1860 1901 eadem
1900 1850 2151 1901 Basilica
2128 1870 2155 1899 a

170 1926 403 1990 panariam
420 1923 475 1970 ad
493 1926 1002 2004 Aquilonem,quatuor
1020 1942 1136 1971 mai·-
1191 1923 1280 1972 san.
1313 1941 1400 1970 me.
1409 1926 1552 1971 Paulo
1584 1927 1646 1971 V.
1667 1925 1694 1970 ii
1714 1923 1884 1992 gradus
1906 1923 1962 1970 ad
1989 1923 2156 1991 viginti

169 2012 330 2042 morea
367 1996 581 2042 Meniana
610 2030 624 2051 ,
674 1996 871 2060 quinque
911 1993 1137 2062 parastatis

167 2082 279 2113 cum
319 2067 543 2114 columnis
577 2062 762 2113 subnixa
800 2067 1031 2114 inchoavit
1067 2068 1139 2114 ln·

169 2138 411 2184 nocentius
429 2140 584 2185 VIIl.
604 2135 650 2186 ὅ(
667 2137 928 2185 Alexander
950 2140 1042 2185 Vl.
1068 2136 1138 2183 ab·

168 2203 335 2263 solvit,
358 2209 466 2255 utin
484 2209 641 2255 eadem
660 2208 775 2257 Tab.
794 2211 917 2256 XII.
936 2209 1004 2256 lit.
1012 2210 1069 2255 C.
1075 2209 1139 2255 G.

172 2276 501 2326 Posterioribus
528 2277 638 2326 vero
661 2277 1020 2344 temporibus,ex
1038 2280 1139 2325 Me-

170 2348 309 2395 niano
344 2347 517 2417 fignato
539 2350 605 2396 lit.
637 2353 694 2398 C.
728 2350 928 2397 Romani
957 2345 1141 2397 Pontifi-

169 2435 242 2464 ces
269 2417 460 2467 adstanti
482 2419 659 2486 Populo
692 2418 1022 2468 benedictiones
1060 2421 1138 2465 im·

169 2490 331 2554 partiri
364 2487 673 2538 consuevere.
709 2490 872 2539 Praeter
893 2492 976 2537 hoc
1006 2487 1137 2537 aedifi·

167 2559 323 2617 cium,
346 2561 826 2627 etiampermultaalia
848 2559 1071 2615 Basilicae,
1087 2558 1136 2609 ἃ

1190 2011 1387 2074 quatuor
1408 1993 1582 2041 redacii
1600 1991 1761 2051 fuere,
1792 2012 1988 2060 quorum
2014 1994 2158 2061 longi-

1191 2065 1305 2114 tudo
1336 2066 1596 2144 palmorum
1616 2068 1864 2134 nonaginta
1896 2080 2023 2113 erat:
2060 2081 2159 2112 mo-

1191 2135 1253 2185 do
1293 2150 1449 2183 autem
1488 2135 1658 2202 viginti
1696 2136 1789 2183 duo
1829 2132 2155 2183 tantummodo

1192 2205 1329 2263 sunt,
1347 2224 1398 2253 ex
1419 2203 1742 2253 restauratione
1757 2203 1831 2253 fel
1852 2206 2029 2254 record.
2048 2208 2159 2254 Ale-

1192 2242 1348 2326 xandii
1369 2279 1491 2325 Vll.
1525 2276 1785 2342 quindecim
1802 2294 1856 2323 ex
1875 2279 2008 2325 Pario
2042 2293 2157 2325 mar-

1191 2364 1321 2397 more
1342 2383 1356 2403 ,
1388 2349 1548 2412 reliqui
1568 2348 1676 2394 vero
1693 2344 1864 2414 septem
1880 2383 1895 2405 ,
1915 2346 2054 2395 fronti
2075 2351 2157 2395 Ba-

1190 2419 1321 2468 silicae
1340 2420 1641 2486 proximiores
1663 2452 1679 2473 ‚
1711 2436 1765 2466 ex
1795 2417 2070 2485 Tyburtino
2096 2419 2157 2465 la-

1190 2491 1322 2558 pide.

1260 2565 1422 2630 Cogor
1447 2559 1520 2610 hic
1550 2561 1886 2626 aliquantulum
1922 2560 1945 2606 a
1962 2559 2158 2607 brevita-

162 2632 293 2691 juxta
314 2648 429 2686 eam,
447 2629 629 2696 ejusque
648 2634 849 2697 porticus
867 2631 1024 2679 addita
1040 2628 1136 2678 fue·
1150 2634 1245 2679 Dtis
1266 2630 1400 2700 scopo
1419 2631 1660 2680 deflectere
1674 2666 1688 2687 ,
1708 2649 1816 2679 cum
1833 2631 1980 2678 multa
1995 2645 2157 2678 notatu

169 2717 217 2748 re
238 2735 254 2756 ,
280 2699 334 2749 de
350 2701 513 2766 quibus
528 2699 608 2748 suo
628 2703 733 2749 loco
750 2738 762 2749 .
1030 2743 1035 2751 .

261 2771 440 2819 Deinde
489 2772 773 2839 praegrandes
811 2771 834 2819 ἐ
872 2791 1138 2822 marmore:

171 2840 342 2907 gradus
382 2843 568 2908 triginta
615 2846 812 2908 quinque
853 2845 900 2892 in
939 2843 1137 2892 Bafilicae

132 2962 134 2965 r
174 2928 324 2957 aream
345 2909 576 2960 ascensum
597 2913 852 2978 praebebant
867 2951 882 2971 ‚
917 2918 1028 2963 utin
1049 2917 1138 2964 Ta·

173 2978 602 3033 bulaVII.lit.O.&
617 2981 724 3049 saepe
739 2988 873 3032 citata
888 2985 1086 3034 Tab.XI
1098 2990 1135 3033 Ι.

1189 2703 1326 2769 digna
1347 2704 1402 2752 de
1418 2702 1534 2752 hisce
1547 2701 1762 2770 gradibus
1779 2697 1933 2749 referri
1955 2699 2122 2768 poffint
2138 2736 2151 2748 .

1191 2777 1313 2821 Nam
1347 2774 1610 2824 Canonicus
1648 2775 1912 2828 Romanus,
1944 2771 2038 2819 five
2076 2775 2157 2820 Pe-

1188 2859 1283 2892 trus
1300 2846 1509 2899 Mallius,
1534 2845 1576 2889 in
1593 2840 1896 2909 descriptione
1918 2843 2156 2891 Vaticanae

1190 2914 1388 2963 Basilicae
1403 2932 1479 2961 nu.
1502 2916 1586 2973 48.
1623 2909 1834 2980 praefatos
1855 2912 2025 2979 gradus
2051 2928 2157 2958 con·-

1189 2985 1380 3035 strufios
1401 2981 1527 3032 fuisse
1541 2985 1764 3040 tradir,ex
1785 2982 1980 3031 Romuli
2000 2980 2158 3029 demo·

170 3050 241 3097 lit.
260 3054 311 3099 E.
327 3049 419 3099 &11
437 3071 593 3101 omnes
613 3072 654 3100 in
672 3056 871 3119 quinque
905 3055 1140 3104 distribue·
1189 3059 1275 3105 lito
1309 3054 1544 3125 {epulcro,
1575 3053 1697 3119 quod
1718 3067 1872 3101 tamen
1905 3054 2156 3099 Marlianus

173 3120 565 3180 banturordines,
588 3138 639 3171 ut
657 3125 1137 3189 quemlibetordinem
1192 3128 1270 3176 lib.
1295 3144 1339 3188 5
1363 3144 1464 3193 cap.
1452 3142 1556 3173 ..22
1574 3122 1661 3173 suae
1679 3123 1992 3190 Typograph.
2007 3121 2156 3172 Urbis

172 3187 344 3255 septem
361 3192 530 3258 gradus
551 3195 1140 3263 occuparent,exiguusque
1195 3202 1356 3246 Romae
1378 3234 1392 3254 ‚
1438 3213 1528 3243 non
1562 3196 1783 3249 Romuli,
1816 3192 1891 3241 sed
1926 3193 2156 3259 Scipionis

170 3278 282 3310 areae
302 3262 472 3312 tractus
492 3265 595 3312 illos
613 3263 701 3314 ab
690 3267 886 3316 invicem
901 3266 1142 3335 distingue-
1195 3268 1448 3337 Aphricani
1472 3261 1600 3318 fuisse
1626 3267 1716 3315 ait:
1736 3262 1785 3314 ὃ(
1812 3264 2085 3380 Turrigips
2075 3279 2160 3310 ιη.»

2030 3350 2087 3381 uo
