2331 3585
659 222 1171 278 cAPuT
1310 221 1441 274 11.
2001 251 2033 292 7

98 319 323 390 digiosam
343 315 616 386 conspicuae,
635 314 683 367 ὃ(
701 314 1107 383 splendidiffimaeA
1123 310 1389 363 habitdrunt
1409 314 1611 365 extruxit
1630 317 1645 377 ξ
1665 318 1787 384 quod
1805 318 2107 388 postmodum

100 394 266 443 Crucis
282 394 324 439 in
343 391 485 439 Coelo
497 386 723 438 vifionem
738 424 754 445 ,
777 407 830 437 ac
844 405 1073 437 memora·
1122 384 1148 432 ὲ
1167 384 1325 452 Xysto
1344 390 1405 434 V.
1418 385 1613 436 obillius
1635 390 1908 440 vetustatem
1928 393 2108 454 dirutii,

98 467 237 515 bilem
262 462 317 510 de
329 462 541 510 Maxetio
552 462 783 526 Tyranno
795 460 1039 508 vidioriarn
1055 494 1072 516 ,
1124 473 1398 524 novumque
1419 459 1465 506 in
1494 458 1808 527 augustiorem
1824 499 1841 522 ,
1868 483 1963 531 quae
1983 483 2106 515 nunc

97 530 300 605 perfecie
323 530 508 582 Christo
524 530 780 587 adhaerens,
797 548 853 578 ne
865 529 941 580 sua
957 529 1069 579 fides
1125 527 1287 577 visitur
1305 526 1505 578 formam
1528 531 1584 578 ad
1606 536 1933 585 Romanorum
1952 539 2107 586 Ponti-

98 605 308 675 operibus
325 603 454 652 bonis
472 620 614 652 vacua
642 599 921 660 censeretur,
941 603 1069 650 innu·
1120 597 1261 648 ficum
1276 599 1378 657 usii,
1392 601 1415 648 ὲ
1429 598 1740 653 fundamentis
1756 605 2106 669 reaedificatum,

97 694 222 727 mera
248 678 363 742 pene
398 673 668 724 Christianae
687 674 924 741 Religioni
942 672 1073 721 bene·-
1124 689 1175 719 ac
1194 669 1400 738 praesenti
1419 676 1560 723 Anno
1577 713 1591 735 ‚
1618 693 1711 740 quo
1728 677 1801 726 hic
1818 680 2106 746 imprimitur

98 747 230 803 ficia,
249 747 446 794 maxima
465 745 679 812 quidem,
715 743 764 795 ἃ
797 758 924 793 tanto
946 745 1074 795 Prin·
1123 742 1238 792 liber
1255 743 1280 790 ὲ
1302 742 1593 794 Sanffiffimo
1627 747 1852 798 Pontifice
1880 769 2001 800 nunc
2040 770 2106 800 re-

98 821 201 887 cipe
229 817 367 886 digna
400 818 626 867 contulit.
660 819 730 864 De
765 814 928 882 quibus
961 814 1072 865 vide
1123 828 1293 882 gnante
1310 816 1769 870 INNOCENTIO
1785 824 1975 871 XII.in
1989 825 2107 872 Pau-

99 888 345 941 Eusebium
380 887 435 936 de
469 890 584 938 Vita
605 884 893 938 Constantini
923 886 1004 936 lib.
1023 906 1069 936 2.
1123 903 1290 953 perum
1327 886 1688 940 Xenodochium
1719 893 1793 959 pia
1825 894 2105 963 largitione,

100 979 199 1029 cap.
225 977 305 1006 20.
323 957 505 1027 &seqq
1123 956 1398 1007 conversum
1414 994 1427 1006 .
1456 961 1530 1007 De
1560 961 1722 1012 eadem
1744 961 1935 1014 Bafilica
1954 969 2105 1014 Aure-

169 1030 378 1080 Primdm
390 1034 509 1079 enim
527 1032 749 1098 plurimas
769 1029 914 1079 edidit
929 1030 1105 1103 leges,B
1124 1029 1212 1076 lius
1246 1030 1521 1079 Prudentius
1542 1032 1635 1082 haec
1653 1038 1850 1086 cecinint
1865 1038 2070 1086 carmina
2088 1074 2106 1098 ‚

98 1102 264 1170 quibus
313 1103 607 1170 Religionem
655 1100 961 1151 Christianam
996 1102 1069 1151 ad·
1125 1113 1176 1147 ut
1192 1102 1437 1149 Panvinius
1459 1102 1574 1172 legit
1595 1140 1607 1153 .

98 1171 255 1223 versus
276 1170 475 1235 ejusdem
504 1171 701 1221 hostium
720 1175 814 1221 vim
829 1208 845 1230 ‚
863 1172 912 1224 ὃ(
929 1173 1069 1222 auda·
1122 1170 1214 1238 Post
1251 1173 1348 1220 hinc
1397 1173 1456 1221 ad
1491 1178 1692 1241 populum
1730 1197 1932 1232 converte
1969 1181 2105 1229 oculos

97 1245 216 1297 ciam
232 1245 559 1301 communivit,
576 1242 623 1294 ὅ(
640 1245 831 1292 extulit:
856 1244 1070 1293 omnibus
1262 1247 1355 1310 quis
1373 1247 1417 1291 in
1430 1244 1559 1296 Urbe
1582 1249 1633 1314 est

98 1314 212 1367 deinv
228 1313 417 1364 Urbem
437 1313 740 1364 incolentibus
759 1314 928 1374 edixit,
957 1319 1073 1366 utli-
1124 1313 1223 1385 ,Qui
1244 1315 1380 1371 Jovis
1407 1316 1621 1384 iJfi’Ham,
1632 1320 1737 1384 sane
1750 1341 1831 1369 non
1852 1323 2023 1389 despuat
2035 1327 2106 1373 ἱνιῖ

99 1385 201 1436 bere
221 1388 466 1454 unicuique
484 1389 643 1435 liceret
656 1386 1071 1447 Christumcolere,
1123 1387 1274 1435 Omnis
1308 1392 1380 1455 qui
1408 1388 1512 1454 celsa
1534 1390 1679 1457 studit
1707 1396 1911 1442 caenacula
1947 1393 2106 1462 Vulgus

99 1459 219 1523 quod
250 1454 450 1524 eousque
467 1454 613 1507 fuerat
638 1458 934 1507 interdistum
955 1496 966 1507 .
986 1463 1070 1509 Po-
1122 1459 1267 1534 Qip3
1286 1463 1391 1507 terit
1392 1460 1529 1527 filie?
1549 1466 1694 1511 variis
1710 1465 1958 1533 dfimstbus
1976 1472 2074 1514 αῑνᾶ
2087 1504 2104 1525 ,

96 1527 261 1578 stremo
275 1529 535 1582 Gentilium
551 1531 735 1597 templis
748 1528 1066 1598 occlufis,pro-
1122 1530 1182 1579 Ec
1210 1548 1332 1598 quam
1354 1536 1479 1597 panis
1506 1533 1618 1592 alit,
1652 1536 1856 1602 gradibus
1899 1537 2105 1605 disper-fias

98 1601 245 1668 phana
284 1598 497 1648 sacrificia
518 1599 613 1650 fieri
640 1602 877 1668 prohibuit
899 1638 909 1649 .
938 1604 1068 1669 Qa-
1262 1603 1314 1650 ab
1343 1604 1448 1653 altis

96 1686 283 1739 propter
310 1673 518 1720 animum
546 1673 603 1721 ad
626 1674 882 1741 ingentium
911 1673 1067 1722 Basili-

96 1760 258 1791 carum
273 1740 350 1800 ,ὃς
367 1745 653 1809 templorum
675 1744 1066 1792 ereftionemcon-
1139 1775 1145 1779 -

97 1815 237 1861 vertit
252 1849 266 1869 ,
286 1829 337 1861 ut
355 1816 397 1859 in
419 1815 505 1861 illis
528 1811 772 1862 Christiani
792 1829 941 1862 coetus
959 1833 1068 1863 con-

95 1882 628 1953 gregari,Christumque
641 1884 830 1932 adorare
844 1886 1064 1934 valerent.

96 1953 362 2020 Multasque
378 1953 520 2003 sacras
536 1955 649 2005 aedes
669 1973 746 2022 per
772 1954 975 2005 diversas
995 1934 1109 2005 or-C

97 2025 164 2075 bis
187 2028 384 2074 Romani
419 2041 567 2092 partes
588 2063 603 2084 ,
638 2027 946 2094 Imperatoria
980 2046 1072 2077 ma-

97 2095 365 2166 gnificentizi
383 2097 564 2166 dignas,
580 2100 729 2146 extrui
744 2097 872 2161 juffit
889 2135 904 2156 ,
934 2118 1069 2166 pecu·

97 2172 182 2216 niis
200 2169 225 2216 ’ἐι
242 2166 373 2216 Fisco
393 2167 471 2218 suo
502 2172 546 2218 in
573 2184 752 2218 tantum
770 2188 886 2238 opus
910 2188 1067 2241 eroga-

92 2241 158 2288 -tis
174 2275 186 2286 .
222 2242 376 2309 Igitur
406 2243 527 2290 circa
551 2260 720 2290 annum
739 2243 931 2290 Domini
952 2262 1066 2305 323.

97 2312 198 2360 illas
215 2309 480 2379 magnificas
496 2349 511 2370 ,
530 2312 578 2362 ὅ(
597 2315 802 2383 egregias
824 2317 1070 2364 Laterano-

97 2398 208 2431 rum
225 2380 339 2430 aedes
355 2417 369 2439 ‚
391 2380 485 2431 five
499 2384 554 2432 ab
575 2402 716 2432 uxore
751 2384 914 2434 Fausta
933 2421 947 2443 ,
976 2384 1069 2435 five

97 2452 336 2504 Hafienus
369 2454 395 2500 a
434 2451 474 2502 se
511 2452 715 2521 possessas
761 2460 904 2505 Beato
941 2460 1070 2524 Papae

97 2522 414 2590 Sylvestro,&
429 2529 476 2575 S.
493 2530 551 2574 R.
569 2531 621 2576 E.
635 2525 842 2584 donavit,
860 2527 1071 2593 publicis-

98 2612 186 2660 que
219 2593 472 2662 sumptibus
492 2616 563 2645 eas
591 2600 635 2646 in
680 2598 1068 2666 magnificentiffi-

1120 1673 1214 1723 Aut
1257 1673 1461 1724 Vaticano
1498 1677 1702 1728 tumulum
1733 1678 1817 1747 sub
1853 1695 1992 1729 monte
2009 1678 2106 1749 fie-

1260 1763 1460 1813 quentant
1478 1784 1495 1808 ,

1118 1813 1224 1887 ,Qu
1253 1821 1359 1865 cinis
1389 1820 1466 1867 ille
1495 1820 1605 1868 latet
1646 1822 1855 1890 genitoris
1905 1822 2104 1874 amabilis

1265 1888 1401 1953 obfts.

1124 1956 1310 2005 Coetibus
1326 1994 1341 2015 ,
1371 1973 1443 2005 aut
1496 1965 1659 2029 magnis
1697 1961 1933 2013 Lateranas
1969 1969 2104 2016 currit

1263 2031 1321 2078 ad
1332 2030 1432 2078 aedes
1450 2066 1466 2089 ‚

1121 2099 1258 2153 Unde
1291 2100 1460 2167 sacrum
1494 2102 1653 2170 reserat
1703 2107 1841 2175 regali
1874 2108 1970 2156 chri
1991 2124 2104 2158 mate

1245 2171 1414 2240 stgnum
1437 2209 1448 2221 .

1192 2246 1309 2294 Haec
1326 2243 1381 2292 de
1401 2242 1601 2294 Basilicae
1623 2244 1891 2298 fundatione
1909 2286 1920 2297 .
1937 2253 2104 2319 Super-

1122 2311 1226 2362 effet
1242 2314 1315 2363 hic
1333 2317 1509 2383 aliquid
1526 2316 1581 2365 de
1594 2320 1718 2367 illius
1733 2318 1959 2370 strufiura
1973 2320 2103 2372 diffe-

1122 2385 1284 2444 rendi⁴13
1306 2391 1375 2437 At
1389 2387 1448 2436 εὖ
1467 2390 1726 2455 antiqua,ac
1740 2393 1961 2458 primaeva
1978 2396 2103 2443 Con·

1122 2455 1648 2516 stantiniana,ferales,ac
1665 2462 1866 2510 maxime
1883 2464 2103 2531 lugubres

1121 2526 1248 2576 casus
1263 2547 1353 2577 non
1369 2526 1506 2578 semel
1527 2530 1726 2597 perpessa
1742 2532 2102 2602 sit,proindeque

1119 2602 1467 2668 quamplurium
1506 2600 1783 2651 Pontificum
1825 2606 2102 2656 Romanorii

98 2682 245 2722 mam,
270 2664 351 2714 sub
371 2669 674 2717 S.Salvatoris
696 2671 937 2737 D.N.J.C.
957 2670 1335 2750 nun-Dgenerosa
1356 2674 1500 2738 pietas
1516 2690 1615 2720 eam
1632 2675 1820 2729 iterum,
1836 2677 2098 2743 iterumque

97 2737 340 2802 cupatione
358 2772 374 2794 ,
400 2737 637 2789 Bafilicam
671 2744 932 2799 convertit,
969 2761 1070 2809 quae
1117 2742 2102 2813 excitaverit,instauraverit3ordinaritque,

99 2805 157 2855 ab
171 2810 447 2857 ornamentis
462 2829 601 2860 ‚aurea
614 2811 761 2861 dicta:
782 2814 983 2879 primum
998 2831 1071 2880 pe·

100 2894 238 2927 tenne
258 2912 274 2935 ,
310 2896 362 2927 ac
377 2894 532 2946 patens
568 2882 833 2933 Christianae
858 2882 1069 2952 susceptae

100 2950 359 3017 Religionis
378 2949 689 3003 testimonium
702 2952 802 3004 fuit.
827 2960 899 3004 Ac
916 2956 1070 3014 etiam,

101 3017 159 3067 ab
188 3021 311 3072 illius
354 3019 593 3073 fundatore
624 3024 1070 3086 Constantiniana-,5

103 3090 412 3159 temporisque
444 3095 677 3164 progressu
710 3097 734 3143 ὲ
766 3098 981 3164 proximo
1000 3098 1073 3146 ba-

102 3158 303 3228 ptismali
316 3162 441 3213 fonte
458 3165 653 3215 Ecclesia
666 3169 737 3234 S.J
745 3170 901 3217 oannis
915 3206 924 3216 .
939 3168 1071 3217 Idem

104 3230 431 3285 Constantinus
459 3239 722 3305 proximum
747 3242 974 3289 Palatium
991 3276 1006 3297 ,
1023 3241 1071 3289 in

106 3318 199 3369 quo
216 3304 457 3355 Pontifices
474 3325 553 3376 per
565 3327 704 3359 annos
722 3309 931 3369 mille,&
949 3313 1071 3360 ultra

1119 2816 1294 2863 nullam
1309 2813 1365 2862 ad
1382 2815 1467 2879 hec
1487 2813 1635 2863 nostra
1650 2830 1859 2884 tempora
1878 2816 1946 2866 sui
1958 2817 2101 2867 trans-

1121 2883 1242 2935 misit
1275 2887 1551 2934 memoriam
1570 2922 1582 2933 .
1617 2888 1916 2956 Qapropter
1947 2888 2001 2937 eo
2026 2908 2103 2940 me

1122 2971 1303 3006 vertam
1323 2993 1339 3014 ,
1387 2956 1523 3024 idque
1554 2955 1725 3024 assequi
1763 2961 2098 3025 quoquomodo

1122 3027 1398 3076 contendam
1414 3064 1429 3085 ,
1457 3027 1584 3093 quod
1604 3029 1698 3077 haec
1726 3030 1983 3098 legentibus
2000 3050 2093 3080 non

1124 3099 1534 3161 noninjucundum
1571 3096 1669 3147 fore
1689 3099 1872 3149 confido
1890 3137 1902 3149 .
1936 3104 2100 3152 Paucis

1123 3172 1265 3238 igitur
1280 3173 1542 3237 graviores,
1558 3170 1892 3238 praecipuasque
1913 3174 2100 3230 ruinas,

1123 3237 1480 3307 refestionesque
1505 3278 1521 3299 ,
1544 3241 1904 3311 earumdemque
1920 3243 2102 3293 Αυξὶο-

1122 3330 1191 3360 res
1213 3311 1502 3363 narrabimus
1519 3348 1533 3363 .

1940 3388 2030 3434 Re-
