2331 3585
204 209 300 255 '118
494 199 1089 252 DESACRIS
1157 200 1775 253 AEDIFICIIS

134 286 422 342 strametatus
469 291 529 339 est
547 327 561 348 ‚
598 290 926 357 commissoque
965 289 2132 341 cum—‚AIMRCAESFL.CONSTANTINO

132 365 375 412 Maxentio
397 364 642 410 certamine
660 398 675 419 ,
696 380 837 428 eoque
857 379 964 410 cum
994 378 1110 427 equo
1163 361 1458 409 MAXIMO
1508 363 1556 408 P.
1597 365 1647 408 F.
1689 367 1731 409 A
1757 366 1798 409 V
1821 365 1867 410 G
1892 366 1935 409 V
1957 368 1984 410 S
2006 365 2049 411 T
2070 364 2134 410 O.

131 437 180 482 in
211 433 446 499 Tyberim
474 431 600 500 lapso
631 432 654 480 ὲ
684 433 882 498 quodam
909 446 1109 498 ponte„
1163 435 1209 479 S.
1231 433 1279 478 P.
1314 431 1456 494 QR.
1476 432 1690 495 QVOD.
1730 435 2135 482 INSTINCTV.

135 522 269 570 quem
287 502 572 560 diffutilibus,
591 505 800 552 lintribus
818 540 833 560 ,
858 502 1109 568 tabulisque
1166 504 1364 549 DIVIN
1381 502 1626 550 ITATIS.
1655 506 1708 550 M
1724 506 1759 550 E
1778 505 1821 549 N
1836 504 1978 552 TIS.
2009 507 2063 551 M
2074 510 2137 551 A-

134 574 290 623 dolose
308 576 354 624 in
376 575 517 625 hostes
543 572 846 623 fabricaverat
864 609 879 631 ,
905 572 1111 622 salutaris
1164 574 1579 620 GNITVDINE.
1595 576 1744 621 CVM
1763 576 2133 624 EXERCITV.

133 644 248 713 figni
274 648 463 703 virtute,
479 647 599 693 circa
616 648 800 694 civilem
815 644 1079 712 sanguinem
1095 681 1109 701 ,
1163 644 1296 691 SVO
1337 644 1491 692 TAM
1528 646 1628 692 DE.
1679 646 1722 692 T
1739 644 1786 694 Y
1810 649 1852 692 R
1875 650 1918 692 A
1936 648 1980 691 N
2002 648 2045 691 N
2069 647 2133 692 O.

135 716 261 782 quod
288 714 458 783 semper
479 731 748 784 optaverat,
783 718 1017 785 egregiam
1042 729 1110 764 tu-
1161 714 1371 779 QVAM
1406 717 1491 761 DE
1535 716 1654 762 OM
1675 718 1720 762 N
1743 718 1782 763 Ι.
1827 718 1994 763 EIVS.
2030 719 2136 763 FA-

136 791 190 835 lit
220 787 460 836 victoriam
482 824 492 835 .
527 786 844 853 Qiamobrem
884 785 1108 836 Urbem
1160 785 1446 833 CTIONE.
1475 788 1641 834 VNO.
1671 787 2011 834 TEMPORE.
2043 790 2137 834 IV-

133 856 452 906 immaniffimzl
502 857 771 922 Tyrannide
830 859 1108 908 liberatam.»
1160 856 1322 903 STIS.
1363 859 1863 905 REMPVBLICAM
1903 859 2136 904 VLTVS.

135 929 419 995 triumphans
442 927 692 996 ingreffuS‚
719 926 873 977 faustis
892 930 1109 978 acclama-
1162 929 1293 974 EST.
1331 931 1564 975 ARMIS.
1596 930 1865 977 ARCVM.
1891 930 2139 975 TRIVM-

135 999 334 1047 tionibus
362 1005 552 1048 Senatus
570 1035 584 1055 ,
617 1001 868 1065 Populique
907 1003 1110 1049 Romani
1130 1037 1159 1075 Β
1209 999 1753 1046 PHIS.INSIGNEM.
1771 1000 2089 1046 DICAVIT.

136 1084 346 1136 exceptus
366 1068 481 1118 fuit.
515 1067 837 1136 Imprimisque
863 1075 965 1119 Deo
985 1070 1113 1118 Libe·
1232 1070 1366 1115 Intra
1395 1064 1614 1115 fornicem
1644 1070 1667 1115 a
1699 1069 1893 1116 dextris.

137 1143 277 1188 ratori
304 1143 474 1206 gratias
499 1155 668 1208 agens,
698 1140 722 1186 a
755 1141 924 1189 dextris
952 1143 1113 1210 imagi·
1307 1141 1731 1187 LIBERATORI
1767 1142 1965 1188 VRBIS
1985 1175 1994 1184 .

136 1229 244 1258 num
260 1246 276 1267 ,
311 1228 418 1276 quas
436 1213 475 1259 ei
500 1215 690 1260 Senatus
709 1213 1006 1279 triumphales
1023 1230 1114 1261 ere·
1236 1214 1282 1258 A
1303 1207 1483 1257 finistris
1504 1208 1613 1257 vero
1629 1246 1638 1257 .

136 1295 262 1329 xerat
286 1317 300 1338 ,
333 1295 468 1347 atque
489 1284 623 1330 etiam
641 1284 682 1328 in
700 1282 851 1332 medio
871 1283 1020 1332 Urbis
1048 1281 1114 1333 su·
1272 1283 1687 1330 PVNDATORI
1721 1282 1999 1346 QVIETIS
2020 1318 2031 1328 -

136 1370 216 1418 pra
232 1353 475 1418 tropheum
491 1387 505 1408 ,
526 1351 781 1400 venerabile
802 1359 968 1405 Crucis
984 1354 1115 1422 signi}
1234 1353 1343 1400 Hoc
1374 1367 1527 1399 autem
1548 1353 1714 1401 Crucis
1736 1353 1959 1400 miraculo
1980 1387 1994 1408 ,
2027 1351 2143 1399 divi-

134 1421 508 1491 figiimperavit,
538 1425 582 1472 in
603 1443 693 1491 quo
712 1425 803 1473 haec
818 1426 1115 1477 erantinscri-
1166 1418 1316 1486 nisque
1369 1421 1614 1471 visionibus
1659 1425 1840 1472 Helena
1895 1422 2143 1490 Augusta*

139 1508 216 1560 pta
236 1529 248 1540 .
1165 1491 1361 1553 ejusdem
1393 1492 1679 1542 Constantini
1707 1497 1860 1540 Mater
1876 1509 2111 1541 commota
2128 1528 2142 1549 ‚

138 1565 490 1613 SALVTARI
513 1568 664 1616 HOC
691 1571 908 1621 SIGNO
934 1573 1114 1618 ΙΜΡΕ-
1165 1563 1455 1612 ὃᾶηὲὶῐῑᾙιηεε
1476 1568 1638 1613 Crucis
1671 1566 1848 1632 lignum
1883 1564 2003 1630 apud
2031 1564 2142 1613 Hie-

205 1639 390 1685 RIVM
411 1639 1043 1690 ROMANVMCVSTO-
1164 1631 1451 1698 rosolymam
1505 1653 1704 1701 quaerere
1745 1633 1898 1682 secum
1937 1633 2091 1682 statuit
2123 1669 2138 1691 ,

497 1711 750 1757 DITVR.
1165 1705 1291 1771 quod
1324 1707 1508 1753 tandem
1550 1704 1648 1772 post
1687 1704 1872 1771 aliquod
1906 1723 2043 1753 annos
2080 1723 2141 1752 re-

205 1779 331 1827 Hinc
350 1776 521 1825 hastam
556 1779 600 1825 in
632 1783 796 1828 Crucis
834 1779 1017 1849 lignum
1038 1780 1111 1828 de-
1124 1778 1301 1841 Cperiit
1319 1813 1334 1833 ,
1357 1791 1406 1823 ut
1434 1791 1615 1824 narrant
1634 1774 1847 1824 Ruffinus
1867 1776 1944 1823 lib.
1985 1796 2023 1823 1.
2043 1794 2140 1843 cap.

140 1846 354 1896 cuisatam
383 1850 591 1917 imaginis
628 1847 742 1908 suae,
775 1870 869 1918 quae
901 1869 956 1899 eo
988 1854 1076 1900 loci
1097 1889 1111 1911 ‚
1169 1849 1214 1893 8.
1235 1851 1442 1895 Socrates
1462 1847 1538 1895 lib.
1569 1867 1606 1895 1.
1625 1866 1722 1913 cap.
1752 1868 1828 1906 17.
1857 1852 2142 1896 Sozomenus

139 1920 214 1966 ubi
233 1921 483 1983 Tyrannus
512 1919 702 1969 Civium
731 1920 1112 1988 proscriptiones,
1166 1917 1247 1965 lib.
1281 1937 1324 1964 2.
1350 1937 1447 1985 cap.
1475 1938 1514 1966 1.
1535 1919 1582 1968 ὅ(
1604 1923 1645 1966 S.
1670 1916 1940 1967 Ambrolius
1969 1919 2013 1964 in
2035 1935 2143 1964 con-

138 1987 187 2037 &
204 1989 341 2036 caedes
366 1989 618 2054 imperabat
632 2026 646 2047 ,
662 1989 823 2041 statuta
842 1990 952 2050 fuit,
972 1996 1114 2041 mani·
1166 1989 1295 2036 cione
1315 1989 1371 2036 de
1390 1989 1519 2038 obitu
1546 1988 1794 2039 Theodosii
1823 1990 2138 2056 Imperatoris.

139 2059 222 2107 bus
256 2061 432 2124 aptavit
460 2095 477 2118 ,
517 2061 729 2128 idemque
776 2064 983 2132 elogium
1028 2065 1113 2113 hoc
1167 2062 1466 2127 Qapropter
1499 2059 1570 2108 hic
1604 2078 1689 2128 ego
1711 2060 1985 2108 inventionis
2022 2060 2144 2107 illius

137 2128 314 2177 addidit
331 2165 341 2176 .
1168 2131 1401 2179 historiam
1455 2146 1654 2179 retexere
1709 2129 1930 2198 suspendo
1963 2150 1978 2188 3
2026 2127 2145 2177 illud

139 2201 291 2250 HOC
312 2203 662 2253 SALVTARI
682 2207 896 2254 SIGNO
915 2209 1115 2272 QVOD
1171 2220 1311 2251 unum
1329 2238 1345 2259 ,
1371 2201 1495 2268 quod
1520 2201 1577 2250 ad
1598 2220 1691 2250 rem
1714 2201 1774 2249 est
1800 2201 2013 2249 enarrasse
2040 2218 2145 2247 con-

141 2274 371 2320 VERAE
396 2276 731 2324 VIRTVTIS
750 2280 1116 2326 ARGVMEN·
1168 2287 1318 2321 tentus
1338 2308 1353 2330 ,
1392 2275 1622 2323 Helenam
1652 2270 1822 2321 scilicet
1851 2268 2145 2321 Sanffiffimae

142 2342 296 2390 TVM
343 2345 463 2391 EST
510 2347 841 2396 VESTRAM
880 2352 1117 2397 VRBEM
1171 2344 1336 2394 Crucis
1364 2358 1581 2410 repertae,
1624 2341 1672 2392 ὅ(
1700 2343 1754 2391 ab
1792 2341 1882 2410 ipsa
1913 2340 2146 2408 tripartito

140 2413 615 2464 TYRANNICAE
678 2419 1121 2469 DOMINATlo-
1172 2412 1324 2463 divisae
1341 2450 1357 2470 ‚
1373 2432 1507 2462 unam
1526 2429 1703 2480 partem
1723 2431 1828 2461 cum
1859 2414 2000 2462 titulo
2029 2410 2143 2476 ejus-

141 2484 1121 2539 NlSIVGOLIBERATAMSERVA-
1172 2487 1279 2535 dem
1311 2487 1474 2533 Crucis
1501 2487 1724 2554 argenteis
1756 2485 1894 2532 thecis
1926 2482 2145 2531 inclusam

140 2555 552 2604 VLSENATVI
576 2559 987 2625 POPVLOQVE
1003 2563 1120 2609 R0-
1173 2560 1216 2604 in
1246 2558 1358 2604 hanc
1389 2560 1653 2604 Romanam
1693 2553 1851 2602 misisse
1889 2554 2145 2611 Urbem-2,

143 2625 355 2671 MANO
405 2628 479 2672 IN
521 2629 969 2678 LIBERTATEM
1018 2636 1304 2693 As-Datque
1335 2628 1380 2673 in
1400 2628 1481 2674 hac
1511 2625 1760 2675 Sefforiana
1790 2623 1978 2674 Basilica
2006 2626 2146 2672 collo-

142 2695 361 2742 SERTO
402 2697 791 2745 PRISTINVM
841 2703 885 2747 D
903 2704 940 2748 E
963 2705 1004 2749 C
1025 2704 1071 2749 V
1088 2705 1116 2750 S
1170 2700 1262 2745 cari
1283 2696 1515 2763 imperasse
1538 2733 1551 2754 ,
1571 2716 1665 2762 quae
1684 2695 1879 2744 eandem
1900 2693 1955 2742 de
1972 2692 2102 2743 causa
2119 2694 2144 2742 ἓι

142 2766 597 2815 NOBILITATJS
648 2771 1120 2820 SPLENDOREM-
1172 2767 1472 2818 Constantino
1503 2771 1679 2835 Magno
1696 2765 1959 2816 construsta
1978 2802 1991 2821 ‚
2022 2764 2070 2814 ὅ(
2089 2763 2144 2812 ab

369 2838 507 2900 QVE
545 2840 896 2889 RESTITVI.
1168 2843 1262 2901 ejus
1291 2841 1445 2887 Matre
1465 2839 1736 2905 quandoque
1768 2841 1903 2886 etiam
1933 2837 2145 2888 Helenia-

227 2909 415 2954 Senatus
462 2924 640 2973 quoque
682 2911 727 2957 in
768 2924 979 2960 aeternam
1023 2918 1115 2975 ejus
1168 2927 1225 2957 na
1242 2910 1462 2976 appellata
1480 2907 1598 2967 fuit,
1627 2909 1736 2957 utin
1754 2909 1862 2956 actis
1881 2905 2142 2971 XystiIII.

146 2979 416 3024 memoriam
437 2980 608 3026 eximiae
629 2978 850 3045 structure
881 3001 1040 3032 arcum
1061 2983 1118 3033 ad,
1173 2977 1402 3029 Pontificis
1451 2981 1621 3046 legitur
1648 3016 1658 3027 .
1714 2977 1945 3028 Caeterum
1994 2975 2143 3024 adhuc

148 3045 204 3091 ad
233 3047 454 3103 Palatini,
490 3050 724 3116 Coeliique
743 3054 972 3101 montium
1004 3055 1121 3104 radi-
1174 3049 1307 3099 hodie
1345 3064 1434 3097 tres
1471 3048 1607 3116 ipfius
1645 3048 1936 3099 Sanctissimae
1976 3047 2144 3095 Crucis

150 3133 220 3161 ces
240 3117 282 3161 in
305 3116 507 3165 Suburra
535 3121 810 3179 construxit,
832 3123 954 3189 quod
973 3125 1120 3173 adhuc
1173 3122 1404 3187 particulae
1423 3122 1511 3168 una
1529 3139 1637 3168 cum
1653 3121 1810 3176 titulo,
1828 3118 1876 3168 ὃς
1893 3113 2146 3167 transversa

147 3182 307 3232 vifitur
325 3221 339 3241 ‚
369 3186 606 3255 eidemque
631 3209 737 3240 cum
756 3195 841 3242 hoc
871 3196 1024 3264 elogio
1051 3197 1123 3244 de-
1175 3207 1309 3240 cruce
1327 3226 1341 3246 ,
1362 3189 1436 3238 seu
1454 3226 1469 3247 ,
1497 3205 1549 3239 ut
1569 3187 1786 3239 Eusebius
1803 3204 1940 3238 vocat
1957 3225 1970 3245 ‚
1999 3203 2144 3236 COfflU

147 3255 319 3304 dicavit
340 3291 351 3303 ·
1175 3262 1336 3310 dextro
1354 3296 1368 3318 ,
1393 3261 1442 3312 ὃς
1459 3259 1630 3311 sinistro
1649 3262 1796 3310 crucis
1811 3260 1917 3309 boni
1938 3258 2146 3308 Latronis

2031 3345 2077 3375 in
