2331 3585
301 227 394 275 ¹34
574 211 695 260 DE
785 208 1180 261 SACRIS
1247 210 1861 262 AEDIFICIIS

223 322 363 369 neque
382 305 625 369 templum,
648 318 790 368 neque
810 319 912 348 arca
930 301 1446 368 AufioremAfibs-icata
1463 337 1476 358 ,
1511 320 1602 368 pro,
1624 301 1867 350 restaurata
1897 299 2204 351 sumendam-2

224 372 580 423 Constantinum
655 371 904 440 agnoscunt
922 407 932 418 .
1009 372 1189 437 Qubus
1240 372 1436 420 arbitror
1467 409 1478 419 .
1525 375 1705 437 Qaibus
1752 372 2010 421 addendum
2043 408 2057 429 ‚
2109 392 2203 438 quae

222 444 433 492 omnibus
458 444 574 491 addo
594 479 608 501 ,
649 444 768 509 qnod
800 441 832 489 fi
852 442 1013 490 eodem
1039 442 1189 491 elabo-
1238 443 1376 509 paulo
1413 442 1597 490 inferitis
1626 444 1744 490 idem
1774 445 2013 512 Aringhus
2039 443 2203 500 habet,

223 530 317 562 rata
340 512 522 562 foillent
551 531 754 580 tempore
776 548 789 569 ,
825 515 849 560 ὲ
876 515 1067 566 veritate
1089 516 1188 561 alie-
1239 513 1285 562 <St
1323 515 1497 575 judicio
1540 531 1643 560 meo
1681 518 1966 579 praetermitti
2015 513 2200 561 minime

223 602 339 632 num
373 585 605 632 videretur
622 621 635 641 ,
664 582 1016 634 Constantinum
1034 620 1048 639 ,
1077 584 1188 631 dum
1238 584 1430 640 debent,
1459 582 1626 631 scilicet
1643 587 1753 631 lianc
1774 603 1924 632 arcam
1945 587 2201 652 porphyre-

227 654 547 721 Baptisterium
567 653 807 702 aedificaret
829 691 842 710 ,
878 654 1042 701 eodem
1070 669 1186 702 tem·
1236 657 1373 702 ticam
1396 658 1436 701 in
1464 659 1738 703 Lateranum
1761 656 1901 702 Paulo
1920 659 1990 704 11.
2008 660 2201 704 Summo

220 743 330 791 pore
360 743 441 791 pro
469 724 570 773 filiae
593 724 677 773 suae
697 727 914 773 cadavere
943 728 1185 772 reconden-
1237 724 1454 774 Pontifice
1471 727 1656 787 jubente
1676 723 1802 772 fuille
1821 726 2125 791 deportatam,
2147 740 2196 775 ut

220 796 279 843 do
301 794 630 864 sarcophagum
658 794 864 843 excitasse
886 832 895 842 .
923 797 1065 844 Unde
1088 811 1181 844 tam
1235 794 1431 858 ejusdem
1467 795 1698 845 Pontificis
1730 794 1971 861 sepulturae
2009 794 2200 844 inservi-

220 864 366 933 ipsum
399 866 640 915 aedificium
660 903 674 923 ,
711 872 844 932 quam
883 885 1033 914 arcam
1064 866 1182 914 haud
1235 882 1302 913 ret
1322 903 1332 913 .
1361 869 1552 913 Interim
1574 864 1684 913 vero
1701 866 1805 914 edm
1829 867 1928 913 inde
1947 866 2199 914 extrahere-

220 955 420 1003 unquam
482 941 598 985 inter
654 938 940 985 Constantini
993 936 1181 985 Caesaris
1233 951 1339 993 tur,
1373 939 1415 983 in
1447 934 1540 1003 ipso
1574 939 1741 983 itineris
1779 934 2012 1004 progressu
2033 972 2047 993 ,
2079 953 2199 985 ante-

218 1025 352 1072 opera
385 1007 688 1075 reponendam
723 1007 803 1055 effe
840 1005 1081 1056 necessario
1125 1005 1184 1054 fa-
1200 1025 1368 1092 Bquam
1401 1008 1455 1054 ad
1490 1006 1758 1054 destinatum
1793 1008 1947 1054 locum
1972 1007 2198 1076 pertinge-

225 1077 412 1124 tendum
434 1077 494 1126 est
510 1115 521 1125 .
1238 1091 1330 1133 ret,
1353 1076 1619 1125 Pontificem
1638 1078 1759 1124 diem
1784 1092 2042 1125 extremum
2072 1080 2194 1126 clau—

287 1152 422 1197 Hanc
463 1148 836 1214 porphyreticam
867 1166 1016 1196 arcam
1050 1149 1181 1194 Mau·
1234 1144 1353 1204 fisse,
1369 1148 1414 1196 ὅ(
1435 1148 1615 1196 Sixtum
1638 1151 1803 1213 Papam
1825 1151 1915 1197 IV.
1935 1149 2194 1214 antiquitati

216 1216 387 1265 soleum
417 1219 531 1267 illud
564 1217 646 1267 effe
667 1234 779 1285 puto
799 1254 812 1273 ,
843 1219 898 1266 de
919 1237 1008 1284 quo
1039 1221 1081 1264 in
1115 1215 1179 1265 su-
1230 1216 1530 1267 urbanarum
1571 1237 1721 1267 rerum
1771 1213 1996 1266 serirandae
2047 1223 2190 1266 inten-

214 1289 427 1354 pradieiis
449 1290 555 1337 mstis
584 1293 634 1336 B.
656 1293 849 1357 Agnetis
869 1291 892 1336 ὲ
908 1294 954 1338 S.
976 1287 1177 1337 Ambro-
1229 1303 1328 1336 tum
1348 1325 1362 1346 ‚
1396 1308 1440 1337 re
1457 1287 1621 1337 infeeizi
1637 1325 1651 1346 ,
1682 1289 1869 1336 eandem
1888 1291 1930 1335 in
1950 1288 2191 1355 pristinum

212 1358 276 1406 fio
300 1361 447 1407 relatis
467 1359 518 1410 fit
536 1363 736 1408 mentio.
757 1363 810 1407 In
828 1360 935 1409 affis
956 1359 1064 1407 vero
1082 1363 1174 1406 Ms.
1228 1362 1381 1407 locum
1406 1359 1704 1408 reducendam
1723 1355 1889 1406 curaffe
1910 1394 1923 1415 ,
1959 1374 2009 1408 ut
2040 1377 2191 1408 narrat

213 1429 335 1478 Cod.
373 1432 496 1479 Vall.
527 1449 622 1496 quae
656 1433 891 1499 Aringhus
925 1427 1059 1478 refert
1091 1434 1174 1477 im,
1228 1431 1459 1479 Platinain
1477 1429 1675 1491 ejusdem
1696 1430 1821 1480 Pauli
1842 1431 2192 1486 II.vita,illam—

211 1497 289 1546 sua
320 1504 470 1548 Roma
493 1501 793 1550 Subterranea
814 1501 888 1549 lib.
911 1520 957 1562 4.
979 1518 1171 1567 cap.,-25.
1227 1519 1310 1566 que
1329 1501 1552 1568 effet,quae
1573 1501 1704 1550 hodie
1724 1519 1812 1549 non
1832 1498 1995 1565 absque
2019 1501 2191 1569 ingenti

211 1571 352 1619 Tom.
375 1590 418 1618 2.
442 1572 529 1620 haec
552 1573 800 1619 habentur:
835 1571 962 1619 Pom>
992 1570 1051 1618 B.
1073 1571 1174 1618 Con·
1225 1574 1429 1619 omnium
1462 1572 1762 1620 admiratione
1794 1609 1808 1630 ,
1849 1586 1950 1619 tum
1982 1571 2040 1619 ob
2076 1576 2190 1619 anti-

199 1641 358 1707 stancm
408 1645 452 1688 in
507 1643 550 1691 S.
608 1643 861 1710 Virginitate
895 1659 1134 1708 permanens
1159 1678 1173 1698 ,
1227 1645 1411 1707 quitatis
1432 1645 1646 1690 meritum
1667 1679 1681 1701 ‚
1712 1658 1811 1691 tum
1842 1642 1901 1690 ob
1930 1642 2077 1708 operis
2107 1644 2190 1689 ele·

208 1728 303 1759 Cras!
325 1712 412 1759 ἶιὲῖο
443 1728 619 1778 tempore
650 1715 809 1776 hyemis
837 1749 851 1769 ‚
897 1721 949 1762 65
985 1718 1176 1760 inchoato
1226 1716 1426 1780 gan-tiam
1457 1714 1615 1760 Vintur
1635 1751 1644 1761 .

209 1797 389 1846 tempore
419 1787 540 1832 veris
568 1819 581 1840 ,
632 1785 707 1831 hoc
748 1786 798 1850 est
849 1803 923 1831 12.
959 1782 1222 1837 KalendasC
1296 1785 1529 1848 Qioniam
1566 1783 1685 1831 istius
1714 1781 1921 1831 Ecclefiae
1947 1800 2087 1849 nuper
2124 1784 2188 1830 in-

213 1852 412 1902 Martias
436 1869 636 1918 ‚pamm
669 1857 859 1903 intmvic
895 1855 951 1902 ad
978 1858 1171 1919 nuptia53
1225 1857 1410 1901 teriores
1456 1852 1769 1920 descripsimus
1819 1869 2004 1902 ornatus
2040 1888 2055 1909 ‚
2109 1851 2188 1902 sub

215 1939 358 1987 corpus
388 1929 493 1972 veri>
531 1930 611 1986 ejus
639 1930 682 1971 in
708 1926 885 1990 pretiofh
924 1925 1041 1972 labro
1080 1940 1172 1987 por·
1223 1922 1397 1973 silentio
1444 1928 1667 1989 praeterire
1722 1922 1908 1972 minime
1957 1920 2186 1972 censemus

201 1995 424 2058 phyretico
438 1994 644 2059 ftpulcmn
667 1993 753 2061 est,
787 2002 838 2044 65
866 1995 1016 2043 ibidem
1044 1996 1129 2060 ipfiz
1148 2000 1172 2043 ᾱ
1223 1996 1333 2043 alios
1365 1996 1628 2043 amovibiles
1668 2010 1852 2043 ornatus
1901 1997 1945 2041 in
1993 1994 2185 2042 eadem„

208 2064 367 2120 Patre,
404 2071 456 2113 65
478 2064 697 2132 flam-rbus
733 2066 912 2131 Ecclefia
942 2068 1166 2123 columnis,
1221 2068 1329 2113 olim
1363 2081 1562 2113 extantes
1590 2102 1604 2123 ‚
1640 2082 1801 2133 nempe
1830 2064 2032 2131 quaedam
2067 2083 2185 2112 mat-

207 2142 259 2183 &
307 2134 485 2201 [Wefivo
522 2139 570 2185 de
607 2137 814 2200 lrpiclibm
839 2138 1057 2193 decorata,
1085 2142 1169 2185 ist„
1222 2154 1373 2184 morea
1415 2136 1682 2183 candelabra
1710 2171 1722 2192 ‚
1761 2155 1857 2201 quae
1894 2136 2183 2183 Martinellus

207 2210 289 2268 ejus
321 2207 742 2272 honoremfaebricata
766 2210 815 2274 est
834 2244 844 2254 .
885 2210 999 2272 Quae
1018 2208 1169 2256 aneio·
1223 2212 1264 2254 in
1286 2205 1358 2254 sua
1382 2211 1532 2254 Roma
1557 2211 1691 2255 Sacra
1711 2242 1724 2262 ,
1757 2204 1988 2252 occasione
2014 2223 2100 2270 qua
2134 2210 2181 2253 S.

204 2278 313 2324 ritas
334 2279 504 2323 mirum
529 2282 572 2325 in
595 2280 786 2327 modum
811 2281 1086 2326 conduceret
1111 2279 1167 2327 ad
1222 2280 1414 2345 Agnetis
1433 2276 1643 2325 describit
1661 2275 1910 2325 Ecclesiam
1929 2311 1941 2331 ,
1961 2272 2032 2322 sex
2049 2272 2175 2323 fuisse

204 2346 496 2414 probandum
560 2348 762 2397 nostrum
832 2353 1165 2416 Imperatorem
1218 2348 1364 2396 asserit
1382 2382 1395 2402 ,
1431 2347 1475 2396 ὅ(
1494 2349 1573 2394 hac
1594 2350 1634 2395 in
1664 2347 1821 2394 eadem
1843 2344 2042 2394 Ecclesia
2070 2348 2179 2393 exti-

205 2417 397 2465 eandem
419 2418 663 2466 Ecclesiam
686 2456 697 2475 ‚
716 2439 766 2467 ac
785 2423 1163 2486 porphyreticum
1218 2417 1343 2474 tille3
1372 2417 1533 2465 deinde
1554 2419 1609 2465 ad
1625 2418 1794 2466 dietam
1814 2421 1859 2466 S.
1884 2417 2077 2483 Agnetis
2101 2421 2182 2464 Ec-

205 2487 381 2535 labrum
410 2488 698 2537 construxisse
718 2526 731 2546 ,
750 2509 800 2537 ex
821 2495 1052 2557 precitatis
1073 2510 1167 2538 ver·
1217 2488 1394 2536 calefiam
1417 2485 1540 2537 fuisse
1568 2491 1779 2537 translata
1802 2523 1814 2544 ,
1843 2504 2039 2552 quorum
2058 2484 2178 2533 bases

204 2557 297 2605 bis:
327 2563 372 2604 in
391 2563 473 2619 ejus
505 2561 692 2607 honorem
706 2559 926 2626 fibi-irata
955 2563 1032 2626 est.
1072 2562 1164 2611 Sed
1217 2560 1463 2626 trigonales
1501 2575 1626 2608 erant
1655 2595 1668 2616 ,
1701 2561 1745 2605 in
1772 2558 1928 2624 quibus
1962 2574 2063 2603 aves
2099 2554 2177 2603 sub

205 2631 628 2677 Grammaticorum
661 2630 724 2677 est
747 2629 845 2677 usus
879 2632 1069 2679 vocibus
1105 2627 1328 2711 te-Dfacie
1363 2630 1556 2678 humana
1586 2666 1600 2687 ,
1629 2631 1847 2696 puerique
1885 2645 1994 2675 uvas
2030 2625 2180 2674 decer-

203 2701 370 2745 naciter
386 2699 615 2762 adherere3
634 2716 678 2747 at
694 2700 849 2748 mitids
869 2719 972 2748 cum
993 2702 1164 2749 Orato-
1215 2715 1368 2765 pentes
1384 2735 1398 2755 ,
1432 2700 1478 2749 ὅ(
1508 2703 1699 2749 arietum
1728 2701 1874 2765 capita
1915 2694 2174 2763 insculpta„

206 2769 326 2816 ribus
350 2806 362 2825 ,
381 2770 661 2837 Historicisq3
683 2772 1161 2838 agendum3quandoq3
1215 2769 1530 2820 cernebantur.
1550 2770 1705 2820 Hodie
1719 2783 1867 2818 tamen
1889 2786 1943 2815 ex
1959 2768 2024 2814 his
2052 2769 2175 2832 quin-

201 2842 323 2886 enim
345 2838 414 2887 isti
441 2839 631 2908 figurate
650 2843 924 2907 loquuntur,
957 2856 1006 2889 ut
1022 2841 1163 2890 osten—
1213 2857 1299 2905 que
1339 2840 1516 2889 tant-dm
1546 2855 1733 2901 extant3
1761 2842 1845 2888 tria
1874 2837 2090 2886 videlicet
2124 2839 2170 2883 in

202 2907 351 2957 dimus
373 2913 415 2957 in
434 2912 585 2958 nostro
605 2930 738 2977 opere
756 2912 810 2960 de
834 2917 940 2960 Vet.
961 2916 1159 2960 Monim.
1215 2908 1410 2959 Ecclesia
1432 2915 1477 2960 S.
1498 2915 1692 2978 Agnetis
1711 2946 1724 2967 ,
1759 2926 1955 2976 quorum
1973 2906 2172 2954 altitudo

200 2995 317 3045 part.
342 3000 381 3027 1.
402 2999 498 3046 cap.
525 3001 602 3040 27.
627 2984 702 3033 ubi
723 2983 924 3048 voxsect't
957 2981 1162 3048 frequens
1215 2979 1274 3029 est
1291 2982 1428 3047 palm.
1447 3000 1494 3037 9.
1511 3000 1615 3030 cum
1641 2981 1785 3029 tribus
1805 2980 1968 3044 quartis
1984 2996 1996 3033 ;
2014 2974 2061 3024 ἃ
2079 2975 2171 3024 duo

201 3051 243 3095 in
268 3049 517 3098 Pontificali
537 3052 655 3100 libro
676 3089 689 3109 ,
716 3071 796 3118 pro
815 3051 1035 3100 aedificare
1057 3053 1164 3101 sem·
1214 3053 1256 3098 in
1283 3046 1464 3118 praefata
1500 3055 1546 3101 S.
1568 3050 1843 3101 Constantiae
1861 3086 1871 3096 .
1905 3051 2091 3097 Horum
2108 3048 2171 3093 al-

201 3136 279 3185 per
307 3122 566 3185 accipienda
597 3124 782 3170 minime
801 3123 890 3181 est3
925 3123 1019 3171 imo
1053 3122 1161 3190 saepe
1212 3121 1362 3169 titudo
1389 3119 1448 3167 est
1479 3124 1614 3188 palm.
1641 3124 1684 3169 8.
1715 3139 1821 3168 cum
1845 3117 2038 3167 dimidio
2057 3153 2068 3163 .
2101 3120 2170 3165 De

200 3206 282 3255 pro
305 3188 573 3247 restaurare,
595 3195 666 3239 vel
686 3193 892 3241 dedicare
909 3195 1162 3261 intelligen-
1211 3190 1366 3238 iisdem
1411 3191 1686 3240 candelabris
1710 3256 1712 3258 Ι
1734 3190 1948 3238 meminit
1994 3187 2171 3235 etiam...

200 3260 257 3307 da
277 3262 398 3309 venit
412 3295 424 3307 .
443 3263 498 3308 ln
516 3261 721 3329 praesenti
741 3266 858 3312 enirn
875 3262 978 3312 casu
997 3281 1158 3313 vocem
1210 3260 1451 3310 Philander
1497 3264 1538 3309 in
1581 3275 1732 3310 annot.
1763 3259 1822 3308 ad
1860 3259 2171 3309 Vitruvium-1

2017 3325 2097 3376 lib.
