<?xml version="1.0" encoding="UTF-8"?>
<!DOCTYPE html PUBLIC "-//W3C//DTD XHTML 1.0 Transitional//EN"
    "http://www.w3.org/TR/xhtml1/DTD/xhtml1-transitional.dtd">
<html xmlns="http://www.w3.org/1999/xhtml" xml:lang="en" lang="en">
 <head>
  <title>
</title>
<meta http-equiv="Content-Type" content="text/html;charset=utf-8" />
  <meta name='ocr-system' content='tesseract 3.04.00' />
  <meta name='ocr-capabilities' content='ocr_page ocr_carea ocr_par ocr_line ocrx_word'/>
</head>
<body>
  <div class='ocr_page' id='page_1' title='image "./desacrisaedifici00ciam_0227.png"; bbox 0 0 2331 3585; ppageno 0'>
   <div class='ocr_carea' id='block_1_1' title="bbox 670 168 2029 234">
    <p class='ocr_par' dir='ltr' id='par_1_1' title="bbox 670 168 2029 234">
     <span class='ocr_line' id='line_1_1' title="bbox 670 168 2029 234; baseline -0.004 -12"><span class='ocrx_word' id='word_1_1' title='bbox 670 175 709 223; x_wconf 84' lang='lat' dir='ltr'><em>C</em></span> <span class='ocrx_word' id='word_1_2' title='bbox 779 174 823 222; x_wconf 85' lang='lat' dir='ltr'><em>A</em></span> <span class='ocrx_word' id='word_1_3' title='bbox 896 173 935 222; x_wconf 89' lang='lat' dir='ltr'>P</span> <span class='ocrx_word' id='word_1_4' title='bbox 1002 172 1058 223; x_wconf 77' lang='lat' dir='ltr'>U</span> <span class='ocrx_word' id='word_1_5' title='bbox 1135 171 1191 223; x_wconf 76' lang='lat' dir='ltr'>‘T</span> <span class='ocrx_word' id='word_1_6' title='bbox 1329 168 1558 221; x_wconf 83' lang='lat' dir='ltr'><em>XXII.</em></span> <span class='ocrx_word' id='word_1_7' title='bbox 1936 188 2029 234; x_wconf 83' lang='lat'>145</span> 
     </span>
    </p>
   </div>
   <div class='ocr_carea' id='block_1_2' title="bbox 94 255 2116 1322">
    <p class='ocr_par' dir='ltr' id='par_1_2' title="bbox 94 255 2109 689">
     <span class='ocr_line' id='line_1_2' title="bbox 103 255 2105 334; baseline -0.008 -17"><span class='ocrx_word' id='word_1_8' title='bbox 103 288 185 318; x_wconf 78' lang='lat' dir='ltr'>non</span> <span class='ocrx_word' id='word_1_9' title='bbox 213 268 372 334; x_wconf 69' lang='lat' dir='ltr'>poffent</span> <span class='ocrx_word' id='word_1_10' title='bbox 399 302 413 322; x_wconf 95' lang='lat'>,</span> <span class='ocrx_word' id='word_1_11' title='bbox 463 269 506 312; x_wconf 73' lang='lat' dir='ltr'>eb</span> <span class='ocrx_word' id='word_1_12' title='bbox 541 264 652 331; x_wconf 59' lang='lat' dir='ltr'>quud</span> <span class='ocrx_word' id='word_1_13' title='bbox 672 263 764 330; x_wconf 72' lang='lat' dir='ltr'><em>cffit</em></span> <span class='ocrx_word' id='word_1_14' title='bbox 790 265 987 309; x_wconf 72' lang='lat' dir='ltr'><em>circuitus</em></span> <span class='ocrx_word' id='word_1_15' title='bbox 1015 261 1117 308; x_wconf 87' lang='lat' dir='ltr'>ea-A</span> <span class='ocrx_word' id='word_1_16' title='bbox 1130 256 1282 326; x_wconf 79' lang='lat' dir='ltr'>posuit</span> <span class='ocrx_word' id='word_1_17' title='bbox 1299 292 1313 314; x_wconf 92' lang='lat'>,</span> <span class='ocrx_word' id='word_1_18' title='bbox 1342 260 1416 305; x_wconf 90' lang='lat' dir='ltr'>cui</span> <span class='ocrx_word' id='word_1_19' title='bbox 1446 259 1606 305; x_wconf 87' lang='lat' dir='ltr'>titulus</span> <span class='ocrx_word' id='word_1_20' title='bbox 1629 276 1639 302; x_wconf 89' lang='lat'>:</span> <span class='ocrx_word' id='word_1_21' title='bbox 1665 256 1849 322; x_wconf 70' lang='lat' dir='ltr'>Historia</span> <span class='ocrx_word' id='word_1_22' title='bbox 1872 255 2105 322; x_wconf 76' lang='lat' dir='ltr'><em>Eustachio-</em></span> 
     </span>
     <span class='ocr_line' id='line_1_3' title="bbox 101 327 2106 405; baseline -0.008 -18"><span class='ocrx_word' id='word_1_23' title='bbox 101 359 197 388; x_wconf 70' lang='lat' dir='ltr'>rum</span> <span class='ocrx_word' id='word_1_24' title='bbox 231 339 409 405; x_wconf 80' lang='lat' dir='ltr'><em>sedecim</em></span> <span class='ocrx_word' id='word_1_25' title='bbox 441 336 622 401; x_wconf 86' lang='lat' dir='ltr'>pedum,</span> <span class='ocrx_word' id='word_1_26' title='bbox 646 351 692 380; x_wconf 82' lang='lat' dir='ltr'>ac</span> <span class='ocrx_word' id='word_1_27' title='bbox 723 333 865 381; x_wconf 75' lang='lat' dir='ltr'><em>diebus</em></span> <span class='ocrx_word' id='word_1_28' title='bbox 893 332 1079 400; x_wconf 79' lang='lat' dir='ltr'>fingulis</span> <span class='ocrx_word' id='word_1_29' title='bbox 1130 328 1354 378; x_wconf 69' lang='lat' dir='ltr'>Mariana.</span> <span class='ocrx_word' id='word_1_30' title='bbox 1393 329 1720 394; x_wconf 60' lang='lat' dir='ltr'>Quapropter,</span> <span class='ocrx_word' id='word_1_31' title='bbox 1761 340 1812 373; x_wconf 85' lang='lat' dir='ltr'>ut</span> <span class='ocrx_word' id='word_1_32' title='bbox 1828 327 1982 374; x_wconf 80' lang='lat' dir='ltr'>nostrae</span> <span class='ocrx_word' id='word_1_33' title='bbox 2003 343 2106 373; x_wconf 86' lang='lat' dir='ltr'>con·</span> 
     </span>
     <span class='ocr_line' id='line_1_4' title="bbox 108 395 2104 476; baseline -0.009 -18"><span class='ocrx_word' id='word_1_34' title='bbox 108 410 214 476; x_wconf 67' lang='lat' dir='ltr'>caffi)</span> <span class='ocrx_word' id='word_1_35' title='bbox 242 408 381 456; x_wconf 87' lang='lat' dir='ltr'><em>labore</em></span> <span class='ocrx_word' id='word_1_36' title='bbox 395 405 713 473; x_wconf 84' lang='lat' dir='ltr'>fatigarentur,</span> <span class='ocrx_word' id='word_1_37' title='bbox 751 408 943 470; x_wconf 70' lang='lat' dir='ltr'>apparuit</span> <span class='ocrx_word' id='word_1_38' title='bbox 981 407 1082 451; x_wconf 77' lang='lat' dir='ltr'>arti·</span> <span class='ocrx_word' id='word_1_39' title='bbox 1133 397 1379 448; x_wconf 81' lang='lat' dir='ltr'>suetudinis</span> <span class='ocrx_word' id='word_1_40' title='bbox 1395 398 1484 454; x_wconf 83' lang='lat' dir='ltr'>est,</span> <span class='ocrx_word' id='word_1_41' title='bbox 1513 397 1638 463; x_wconf 71' lang='lat' dir='ltr'>prius</span> <span class='ocrx_word' id='word_1_42' title='bbox 1656 432 1669 453; x_wconf 93' lang='lat'>,</span> <span class='ocrx_word' id='word_1_43' title='bbox 1708 414 1805 462; x_wconf 85' lang='lat' dir='ltr'>quae</span> <span class='ocrx_word' id='word_1_44' title='bbox 1827 395 1852 441; x_wconf 70' lang='lat' dir='ltr'>a</span> <span class='ocrx_word' id='word_1_45' title='bbox 1878 397 2104 447; x_wconf 80' lang='lat' dir='ltr'>Kirchero</span> 
     </span>
     <span class='ocr_line' id='line_1_5' title="bbox 94 464 2105 548; baseline -0.008 -20"><span class='ocrx_word' id='word_1_46' title='bbox 94 478 346 548; x_wconf 67' lang='lat' dir='ltr'>ficiSanc‘Za</span> <span class='ocrx_word' id='word_1_47' title='bbox 375 477 504 544; x_wconf 80' lang='lat' dir='ltr'>Virgo</span> <span class='ocrx_word' id='word_1_48' title='bbox 521 491 594 542; x_wconf 81' lang='lat' dir='ltr'>per</span> <span class='ocrx_word' id='word_1_49' title='bbox 610 475 929 542; x_wconf 78' lang='lat' dir='ltr'>visitm‚dicens</span> <span class='ocrx_word' id='word_1_50' title='bbox 951 472 1084 524; x_wconf 82' lang='lat' dir='ltr'><em>:Noli</em></span> <span class='ocrx_word' id='word_1_51' title='bbox 1134 484 1317 519; x_wconf 84' lang='lat' dir='ltr'>narrata</span> <span class='ocrx_word' id='word_1_52' title='bbox 1346 467 1446 518; x_wconf 88' lang='lat' dir='ltr'>sunt</span> <span class='ocrx_word' id='word_1_53' title='bbox 1463 503 1478 525; x_wconf 91' lang='lat'>,</span> <span class='ocrx_word' id='word_1_54' title='bbox 1509 468 1638 516; x_wconf 83' lang='lat' dir='ltr'>brevi</span> <span class='ocrx_word' id='word_1_55' title='bbox 1670 464 1918 515; x_wconf 86' lang='lat' dir='ltr'>referemus</span> <span class='ocrx_word' id='word_1_56' title='bbox 1949 504 1964 524; x_wconf 94' lang='lat'>,</span> <span class='ocrx_word' id='word_1_57' title='bbox 1996 483 2105 513; x_wconf 77' lang='lat' dir='ltr'>mox</span> 
     </span>
     <span class='ocr_line' id='line_1_6' title="bbox 113 534 2109 617; baseline -0.009 -18"><span class='ocrx_word' id='word_1_58' title='bbox 113 552 268 617; x_wconf 78' lang='lat' dir='ltr'><em>mceflus</em></span> <span class='ocrx_word' id='word_1_59' title='bbox 313 547 389 615; x_wconf 66' lang='lat' dir='ltr'><em>eſj}</em></span> <span class='ocrx_word' id='word_1_60' title='bbox 416 567 431 606; x_wconf 81' lang='lat'><em>3</em></span> <span class='ocrx_word' id='word_1_61' title='bbox 462 567 532 615; x_wconf 80' lang='lat' dir='ltr'>ego</span> <span class='ocrx_word' id='word_1_62' title='bbox 574 550 677 594; x_wconf 85' lang='lat' dir='ltr'>enim</span> <span class='ocrx_word' id='word_1_63' title='bbox 717 545 802 593; x_wconf 82' lang='lat' dir='ltr'>tibi</span> <span class='ocrx_word' id='word_1_64' title='bbox 854 546 1087 611; x_wconf 82' lang='lat' dir='ltr'><em>ostendam..</em></span> <span class='ocrx_word' id='word_1_65' title='bbox 1136 540 1248 607; x_wconf 88' lang='lat' dir='ltr'>quid</span> <span class='ocrx_word' id='word_1_66' title='bbox 1279 537 1361 607; x_wconf 83' lang='lat' dir='ltr'>ipfi</span> <span class='ocrx_word' id='word_1_67' title='bbox 1392 540 1475 588; x_wconf 90' lang='lat' dir='ltr'>hac</span> <span class='ocrx_word' id='word_1_68' title='bbox 1497 537 1550 586; x_wconf 90' lang='lat' dir='ltr'>de</span> <span class='ocrx_word' id='word_1_69' title='bbox 1573 556 1618 585; x_wconf 90' lang='lat' dir='ltr'>re</span> <span class='ocrx_word' id='word_1_70' title='bbox 1652 534 1894 585; x_wconf 82' lang='lat' dir='ltr'>sentiamus</span> <span class='ocrx_word' id='word_1_71' title='bbox 1918 537 2109 603; x_wconf 84' lang='lat' dir='ltr'>explica-</span> 
     </span>
     <span class='ocr_line' id='line_1_7' title="bbox 113 611 1314 689; baseline -0.008 -21"><span class='ocrx_word' id='word_1_72' title='bbox 113 622 298 689; x_wconf 77' lang='lat' dir='ltr'>qualiter</span> <span class='ocrx_word' id='word_1_73' title='bbox 323 626 384 667; x_wconf 82' lang='lat' dir='ltr'>hae</span> <span class='ocrx_word' id='word_1_74' title='bbox 409 634 556 687; x_wconf 78' lang='lat' dir='ltr'><em>queant</em></span> <span class='ocrx_word' id='word_1_75' title='bbox 578 618 746 667; x_wconf 79' lang='lat' dir='ltr'><em>elevari</em></span> <span class='ocrx_word' id='word_1_76' title='bbox 771 617 962 664; x_wconf 83' lang='lat' dir='ltr'><em>columnae</em></span> <span class='ocrx_word' id='word_1_77' title='bbox 979 652 995 673; x_wconf 93' lang='lat'>,</span> <span class='ocrx_word' id='word_1_78' title='bbox 1032 623 1085 665; x_wconf 59' lang='grc' dir='ltr'>εἷθ’</span> <span class='ocrx_word' id='word_1_79' title='bbox 1137 611 1287 660; x_wconf 88' lang='lat' dir='ltr'>bimus</span> <span class='ocrx_word' id='word_1_80' title='bbox 1303 646 1314 657; x_wconf 87' lang='lat'><strong>.</strong></span> 
     </span>
    </p>

    <p class='ocr_par' dir='ltr' id='par_1_3' title="bbox 102 678 2116 1322">
     <span class='ocr_line' id='line_1_8' title="bbox 117 678 2109 757; baseline -0.007 -19"><span class='ocrx_word' id='word_1_81' title='bbox 117 691 286 757; x_wconf 83' lang='lat' dir='ltr'><em>ostendit</em></span> <span class='ocrx_word' id='word_1_82' title='bbox 336 694 374 737; x_wconf 85' lang='lat' dir='ltr'>ei</span> <span class='ocrx_word' id='word_1_83' title='bbox 410 724 425 747; x_wconf 87' lang='lat'>,</span> <span class='ocrx_word' id='word_1_84' title='bbox 462 707 545 756; x_wconf 79' lang='lat' dir='ltr'>quae</span> <span class='ocrx_word' id='word_1_85' title='bbox 589 703 829 754; x_wconf 79' lang='lat' dir='ltr'><em>aptarentur</em></span> <span class='ocrx_word' id='word_1_86' title='bbox 875 689 1088 745; x_wconf 82' lang='lat' dir='ltr'>machinae,</span> <span class='ocrx_word' id='word_1_87' title='bbox 1210 685 1420 732; x_wconf 88' lang='lat' dir='ltr'>Primum</span> <span class='ocrx_word' id='word_1_88' title='bbox 1454 681 1623 749; x_wconf 83' lang='lat' dir='ltr'>igitur,</span> <span class='ocrx_word' id='word_1_89' title='bbox 1659 697 1710 728; x_wconf 88' lang='lat' dir='ltr'>ac</span> <span class='ocrx_word' id='word_1_90' title='bbox 1740 678 2005 746; x_wconf 81' lang='lat' dir='ltr'>praecipium</span> <span class='ocrx_word' id='word_1_91' title='bbox 2039 695 2109 724; x_wconf 84' lang='lat' dir='ltr'>ar-</span> 
     </span>
     <span class='ocr_line' id='line_1_9' title="bbox 116 746 2109 830; baseline -0.006 -24"><span class='ocrx_word' id='word_1_92' title='bbox 116 762 299 830; x_wconf 77' lang='lat' dir='ltr'>qualiter</span> <span class='ocrx_word' id='word_1_93' title='bbox 323 760 665 827; x_wconf 79' lang='lat' dir='ltr'><em>suspenderentur</em></span> <span class='ocrx_word' id='word_1_94' title='bbox 698 759 889 815; x_wconf 85' lang='lat' dir='ltr'><em>trocleae,</em></span> <span class='ocrx_word' id='word_1_95' title='bbox 926 774 1090 826; x_wconf 49' lang='lat' dir='ltr'><em>atque„</em></span> <span class='ocrx_word' id='word_1_96' title='bbox 1138 769 1415 822; x_wconf 56' lang='lat' dir='ltr'>gur-lentum</span> <span class='ocrx_word' id='word_1_97' title='bbox 1456 752 1669 802; x_wconf 84' lang='lat' dir='ltr'>Kircheri</span> <span class='ocrx_word' id='word_1_98' title='bbox 1714 749 2008 817; x_wconf 85' lang='lat' dir='ltr'>desumptum</span> <span class='ocrx_word' id='word_1_99' title='bbox 2045 746 2109 795; x_wconf 78' lang='lat' dir='ltr'>est</span> 
     </span>
     <span class='ocr_line' id='line_1_10' title="bbox 104 817 2110 900; baseline -0.007 -21"><span class='ocrx_word' id='word_1_100' title='bbox 104 833 237 900; x_wconf 79' lang='lat' dir='ltr'><em>funes</em></span> <span class='ocrx_word' id='word_1_101' title='bbox 265 831 612 887; x_wconf 81' lang='lat' dir='ltr'><em>extenderentur,</em></span> <span class='ocrx_word' id='word_1_102' title='bbox 635 830 748 877; x_wconf 80' lang='lat' dir='ltr'>illud</span> <span class='ocrx_word' id='word_1_103' title='bbox 768 829 916 877; x_wconf 86' lang='lat' dir='ltr'><em>addens</em></span> <span class='ocrx_word' id='word_1_104' title='bbox 946 850 956 877; x_wconf 92' lang='lat'><strong>:</strong></span> <span class='ocrx_word' id='word_1_105' title='bbox 989 828 1090 877; x_wconf 86' lang='lat' dir='ltr'><em>Con·</em></span> <span class='ocrx_word' id='word_1_106' title='bbox 1141 844 1194 873; x_wconf 85' lang='lat' dir='ltr'>ex</span> <span class='ocrx_word' id='word_1_107' title='bbox 1233 825 1422 890; x_wconf 84' lang='lat' dir='ltr'>antiqua</span> <span class='ocrx_word' id='word_1_108' title='bbox 1451 821 1648 888; x_wconf 82' lang='lat' dir='ltr'>quadam</span> <span class='ocrx_word' id='word_1_109' title='bbox 1682 822 1726 868; x_wconf 89' lang='lat' dir='ltr'>in</span> <span class='ocrx_word' id='word_1_110' title='bbox 1770 822 1859 869; x_wconf 84' lang='lat' dir='ltr'>illis</span> <span class='ocrx_word' id='word_1_111' title='bbox 1890 817 2110 887; x_wconf 82' lang='lat' dir='ltr'>partibus,</span> 
     </span>
     <span class='ocr_line' id='line_1_11' title="bbox 102 887 2112 970; baseline -0.006 -22"><span class='ocrx_word' id='word_1_112' title='bbox 102 909 240 970; x_wconf 82' lang='lat' dir='ltr'><em>junge</em></span> <span class='ocrx_word' id='word_1_113' title='bbox 273 918 403 949; x_wconf 88' lang='lat' dir='ltr'><em>tecum</em></span> <span class='ocrx_word' id='word_1_114' title='bbox 429 916 515 948; x_wconf 89' lang='lat' dir='ltr'><em>tres</em></span> <span class='ocrx_word' id='word_1_115' title='bbox 541 915 686 965; x_wconf 85' lang='lat' dir='ltr'>pueros</span> <span class='ocrx_word' id='word_1_116' title='bbox 713 901 762 948; x_wconf 88' lang='lat' dir='ltr'>de</span> <span class='ocrx_word' id='word_1_117' title='bbox 775 901 934 966; x_wconf 80' lang='lat' dir='ltr'><em>scholis</em></span> <span class='ocrx_word' id='word_1_118' title='bbox 951 937 967 960; x_wconf 90' lang='lat'>,</span> <span class='ocrx_word' id='word_1_119' title='bbox 995 919 1090 968; x_wconf 84' lang='lat' dir='ltr'>quo·</span> <span class='ocrx_word' id='word_1_120' title='bbox 1142 895 1219 944; x_wconf 89' lang='lat' dir='ltr'>ubi</span> <span class='ocrx_word' id='word_1_121' title='bbox 1241 892 1438 945; x_wconf 76' lang='lat' dir='ltr'>Ecclesia</span> <span class='ocrx_word' id='word_1_122' title='bbox 1453 892 1533 941; x_wconf 85' lang='lat' dir='ltr'>fita</span> <span class='ocrx_word' id='word_1_123' title='bbox 1562 891 1622 940; x_wconf 85' lang='lat' dir='ltr'>est</span> <span class='ocrx_word' id='word_1_124' title='bbox 1640 927 1655 949; x_wconf 90' lang='lat'>,</span> <span class='ocrx_word' id='word_1_125' title='bbox 1679 891 1923 940; x_wconf 84' lang='lat' dir='ltr'>traditione</span> <span class='ocrx_word' id='word_1_126' title='bbox 1941 925 1955 946; x_wconf 88' lang='lat'>,</span> <span class='ocrx_word' id='word_1_127' title='bbox 1987 887 2112 954; x_wconf 74' lang='lat' dir='ltr'>quod</span> 
     </span>
     <span class='ocr_line' id='line_1_12' title="bbox 113 958 2110 1047; baseline -0.008 -26"><span class='ocrx_word' id='word_1_128' title='bbox 113 993 204 1021; x_wconf 83' lang='lat' dir='ltr'>rum</span> <span class='ocrx_word' id='word_1_129' title='bbox 230 975 306 1022; x_wconf 81' lang='lat' dir='ltr'>hoc</span> <span class='ocrx_word' id='word_1_130' title='bbox 337 973 547 1035; x_wconf 81' lang='lat' dir='ltr'>adjutorio</span> <span class='ocrx_word' id='word_1_131' title='bbox 557 971 684 1038; x_wconf 62' lang='lat' dir='ltr'>poſjFs</span> <span class='ocrx_word' id='word_1_132' title='bbox 719 971 916 1035; x_wconf 82' lang='lat' dir='ltr'>implere.</span> <span class='ocrx_word' id='word_1_133' title='bbox 960 971 1124 1047; x_wconf 61' lang='lat' dir='ltr'>‚Quodss</span> <span class='ocrx_word' id='word_1_134' title='bbox 1142 965 1313 1016; x_wconf 84' lang='lat' dir='ltr'>scilicet</span> <span class='ocrx_word' id='word_1_135' title='bbox 1341 966 1428 1013; x_wconf 89' lang='lat' dir='ltr'>hoc</span> <span class='ocrx_word' id='word_1_136' title='bbox 1471 961 1737 1014; x_wconf 81' lang='lat' dir='ltr'>AEdificium</span> <span class='ocrx_word' id='word_1_137' title='bbox 1779 958 2110 1011; x_wconf 86' lang='lat' dir='ltr'>Constantinus</span> 
     </span>
     <span class='ocr_line' id='line_1_13' title="bbox 114 1030 2114 1110; baseline -0.007 -19"><span class='ocrx_word' id='word_1_138' title='bbox 114 1048 206 1092; x_wconf 66' lang='lat' dir='ltr'><em>cum</em></span> <span class='ocrx_word' id='word_1_139' title='bbox 223 1043 299 1091; x_wconf 87' lang='lat' dir='ltr'><em>ille</em></span> <span class='ocrx_word' id='word_1_140' title='bbox 315 1044 527 1108; x_wconf 77' lang='lat' dir='ltr'><em>evigilans</em></span> <span class='ocrx_word' id='word_1_141' title='bbox 548 1077 563 1098; x_wconf 90' lang='lat'>,</span> <span class='ocrx_word' id='word_1_142' title='bbox 590 1062 671 1110; x_wconf 79' lang='lat' dir='ltr'>quae</span> <span class='ocrx_word' id='word_1_143' title='bbox 685 1041 1092 1110; x_wconf 73' lang='lat' dir='ltr'>praeceptafiterant,</span> <span class='ocrx_word' id='word_1_144' title='bbox 1141 1042 1342 1106; x_wconf 80' lang='lat' dir='ltr'>Magnus</span> <span class='ocrx_word' id='word_1_145' title='bbox 1360 1032 1674 1085; x_wconf 86' lang='lat' dir='ltr'>construxerit.</span> <span class='ocrx_word' id='word_1_146' title='bbox 1714 1036 1853 1083; x_wconf 87' lang='lat' dir='ltr'>Hanc</span> <span class='ocrx_word' id='word_1_147' title='bbox 1883 1030 2114 1079; x_wconf 87' lang='lat' dir='ltr'>historiam</span> 
     </span>
     <span class='ocr_line' id='line_1_14' title="bbox 112 1101 2114 1180; baseline -0.006 -19"><span class='ocrx_word' id='word_1_148' title='bbox 112 1112 333 1180; x_wconf 66' lang='lat' dir='ltr'><em>coaptaffit</em></span> <span class='ocrx_word' id='word_1_149' title='bbox 349 1148 364 1170; x_wconf 94' lang='lat'>,</span> <span class='ocrx_word' id='word_1_150' title='bbox 392 1116 564 1161; x_wconf 78' lang='lat' dir='ltr'>‘vocatis</span> <span class='ocrx_word' id='word_1_151' title='bbox 589 1113 727 1161; x_wconf 81' lang='lat' dir='ltr'>tribus</span> <span class='ocrx_word' id='word_1_152' title='bbox 743 1117 883 1178; x_wconf 82' lang='lat' dir='ltr'>pueris</span> <span class='ocrx_word' id='word_1_153' title='bbox 902 1112 952 1161; x_wconf 83' lang='lat' dir='ltr'>ab</span> <span class='ocrx_word' id='word_1_154' title='bbox 967 1114 1090 1180; x_wconf 75' lang='lat' dir='ltr'><em>stho—</em></span> <span class='ocrx_word' id='word_1_155' title='bbox 1141 1111 1186 1156; x_wconf 89' lang='lat' dir='ltr'>in</span> <span class='ocrx_word' id='word_1_156' title='bbox 1217 1108 1397 1175; x_wconf 75' lang='lat' dir='ltr'>scriptis</span> <span class='ocrx_word' id='word_1_157' title='bbox 1429 1104 1607 1175; x_wconf 77' lang='lat' dir='ltr'>redegit</span> <span class='ocrx_word' id='word_1_158' title='bbox 1636 1104 1821 1170; x_wconf 85' lang='lat' dir='ltr'>quidam</span> <span class='ocrx_word' id='word_1_159' title='bbox 1857 1101 2114 1157; x_wconf 58' lang='grc' dir='ltr'>ΡΑξὶοι-ἰυε,</span> 
     </span>
     <span class='ocr_line' id='line_1_15' title="bbox 110 1171 2116 1250; baseline -0.007 -17"><span class='ocrx_word' id='word_1_160' title='bbox 110 1186 168 1234; x_wconf 83' lang='lat' dir='ltr'>lis</span> <span class='ocrx_word' id='word_1_161' title='bbox 211 1189 346 1232; x_wconf 80' lang='lat' dir='ltr'>erexit</span> <span class='ocrx_word' id='word_1_162' title='bbox 379 1182 545 1250; x_wconf 66' lang='lat' dir='ltr'><em>summe‘i</em></span> <span class='ocrx_word' id='word_1_163' title='bbox 588 1185 821 1234; x_wconf 75' lang='lat' dir='ltr'><em>velocitate</em></span> <span class='ocrx_word' id='word_1_164' title='bbox 865 1184 1085 1233; x_wconf 82' lang='lat' dir='ltr'><em>columnas.</em></span> <span class='ocrx_word' id='word_1_165' title='bbox 1139 1181 1241 1229; x_wconf 87' lang='lat' dir='ltr'>Poli</span> <span class='ocrx_word' id='word_1_166' title='bbox 1278 1176 1458 1246; x_wconf 86' lang='lat' dir='ltr'>Oppidi</span> <span class='ocrx_word' id='word_1_167' title='bbox 1494 1212 1510 1234; x_wconf 88' lang='lat'>‚</span> <span class='ocrx_word' id='word_1_168' title='bbox 1546 1177 1667 1225; x_wconf 83' lang='lat' dir='ltr'>haud</span> <span class='ocrx_word' id='word_1_169' title='bbox 1692 1173 1829 1244; x_wconf 66' lang='lat' dir='ltr'>longe</span> <span class='ocrx_word' id='word_1_170' title='bbox 1863 1173 1919 1222; x_wconf 87' lang='lat' dir='ltr'>ab</span> <span class='ocrx_word' id='word_1_171' title='bbox 1954 1171 2116 1237; x_wconf 83' lang='lat' dir='ltr'>eadem</span> 
     </span>
     <span class='ocr_line' id='line_1_16' title="bbox 111 1244 2114 1322; baseline -0.007 -18"><span class='ocrx_word' id='word_1_172' title='bbox 111 1254 344 1322; x_wconf 83' lang='lat' dir='ltr'>Praestitum</span> <span class='ocrx_word' id='word_1_173' title='bbox 398 1255 448 1321; x_wconf 77' lang='lat' dir='ltr'>est</span> <span class='ocrx_word' id='word_1_174' title='bbox 482 1255 646 1320; x_wconf 81' lang='lat' dir='ltr'>populis</span> <span class='ocrx_word' id='word_1_175' title='bbox 686 1255 876 1321; x_wconf 63' lang='lat' dir='ltr'>spefiare</span> <span class='ocrx_word' id='word_1_176' title='bbox 915 1260 1087 1303; x_wconf 79' lang='lat' dir='ltr'><em>miracu-</em></span> <span class='ocrx_word' id='word_1_177' title='bbox 1138 1248 1337 1299; x_wconf 81' lang='lat' dir='ltr'>Ecciefia</span> <span class='ocrx_word' id='word_1_178' title='bbox 1351 1244 2114 1313; x_wconf 83' lang='lat' dir='ltr'>distantis‚Archipresbyter.8cri—</span> 
     </span>
    </p>
   </div>
   <div class='ocr_carea' id='block_1_3' title="bbox 104 1325 1086 1536">
    <p class='ocr_par' dir='ltr' id='par_1_4' title="bbox 104 1325 1086 1536">
     <span class='ocr_line' id='line_1_17' title="bbox 109 1325 1085 1392; baseline -0.001 -18"><span class='ocrx_word' id='word_1_179' title='bbox 109 1327 198 1375; x_wconf 81' lang='lat' dir='ltr'><em>lum</em></span> <span class='ocrx_word' id='word_1_180' title='bbox 245 1325 529 1374; x_wconf 83' lang='lat' dir='ltr'>admirandum</span> <span class='ocrx_word' id='word_1_181' title='bbox 563 1360 578 1382; x_wconf 87' lang='lat'>‚</span> <span class='ocrx_word' id='word_1_182' title='bbox 625 1342 670 1372; x_wconf 93' lang='lat' dir='ltr'><em>ut</em></span> <span class='ocrx_word' id='word_1_183' title='bbox 715 1326 826 1392; x_wconf 82' lang='lat' dir='ltr'>quod</span> <span class='ocrx_word' id='word_1_184' title='bbox 862 1327 1085 1374; x_wconf 87' lang='lat' dir='ltr'>multitudo</span> 
     </span>
     <span class='ocr_line' id='line_1_18' title="bbox 109 1396 1086 1464; baseline -0.002 -17"><span class='ocrx_word' id='word_1_185' title='bbox 109 1401 308 1448; x_wconf 80' lang='lat' dir='ltr'>‘virorum</span> <span class='ocrx_word' id='word_1_186' title='bbox 326 1396 515 1463; x_wconf 84' lang='lat' dir='ltr'><em>fortium</em></span> <span class='ocrx_word' id='word_1_187' title='bbox 534 1396 685 1446; x_wconf 78' lang='lat' dir='ltr'><em>levare</em></span> <span class='ocrx_word' id='word_1_188' title='bbox 698 1401 950 1464; x_wconf 78' lang='lat' dir='ltr'>nequiverat</span> <span class='ocrx_word' id='word_1_189' title='bbox 965 1433 980 1455; x_wconf 86' lang='lat'>‚</span> <span class='ocrx_word' id='word_1_190' title='bbox 999 1413 1086 1445; x_wconf 88' lang='lat' dir='ltr'><em>tres</em></span> 
     </span>
     <span class='ocr_line' id='line_1_19' title="bbox 104 1466 1086 1536; baseline 0.003 -23"><span class='ocrx_word' id='word_1_191' title='bbox 104 1468 263 1533; x_wconf 84' lang='lat' dir='ltr'>puerili</span> <span class='ocrx_word' id='word_1_192' title='bbox 311 1466 457 1535; x_wconf 81' lang='lat' dir='ltr'><em>absque</em></span> <span class='ocrx_word' id='word_1_193' title='bbox 499 1470 670 1516; x_wconf 77' lang='lat' dir='ltr'>virtute</span> <span class='ocrx_word' id='word_1_194' title='bbox 718 1467 897 1536; x_wconf 63' lang='lat' dir='ltr'>perfeft&#39;i</span> <span class='ocrx_word' id='word_1_195' title='bbox 952 1472 1086 1533; x_wconf 84' lang='lat' dir='ltr'><em>operis</em></span> 
     </span>
    </p>
   </div>
   <div class='ocr_carea' id='block_1_4' title="bbox 1135 1311 2118 1525">
    <p class='ocr_par' dir='ltr' id='par_1_5' title="bbox 1135 1311 2118 1525">
     <span class='ocr_line' id='line_1_20' title="bbox 1139 1311 2116 1388; baseline -0.007 -20"><span class='ocrx_word' id='word_1_196' title='bbox 1139 1319 1224 1388; x_wconf 72' lang='lat' dir='ltr'>psit</span> <span class='ocrx_word' id='word_1_197' title='bbox 1247 1336 1399 1369; x_wconf 85' lang='lat' dir='ltr'>autem</span> <span class='ocrx_word' id='word_1_198' title='bbox 1416 1319 1489 1367; x_wconf 87' lang='lat' dir='ltr'>hic</span> <span class='ocrx_word' id='word_1_199' title='bbox 1514 1320 1678 1367; x_wconf 88' lang='lat' dir='ltr'>Italico</span> <span class='ocrx_word' id='word_1_200' title='bbox 1697 1317 1914 1365; x_wconf 82' lang='lat' dir='ltr'>idiomate</span> <span class='ocrx_word' id='word_1_201' title='bbox 1940 1351 1955 1372; x_wconf 86' lang='lat'>,</span> <span class='ocrx_word' id='word_1_202' title='bbox 1991 1311 2116 1381; x_wconf 88' lang='lat' dir='ltr'>quod</span> 
     </span>
     <span class='ocr_line' id='line_1_21' title="bbox 1137 1384 2112 1441; baseline -0.01 0"><span class='ocrx_word' id='word_1_203' title='bbox 1137 1393 1382 1441; x_wconf 83' lang='lat' dir='ltr'>Latinitate</span> <span class='ocrx_word' id='word_1_204' title='bbox 1413 1389 1636 1438; x_wconf 85' lang='lat' dir='ltr'>donatum</span> <span class='ocrx_word' id='word_1_205' title='bbox 1667 1388 1739 1435; x_wconf 90' lang='lat' dir='ltr'>hic</span> <span class='ocrx_word' id='word_1_206' title='bbox 1774 1385 1930 1435; x_wconf 88' lang='lat' dir='ltr'>sonat:</span> <span class='ocrx_word' id='word_1_207' title='bbox 1954 1384 2003 1433; x_wconf 79' lang='lat' dir='ltr'>In</span> <span class='ocrx_word' id='word_1_208' title='bbox 2038 1387 2112 1433; x_wconf 82' lang='lat' dir='ltr'>hoc</span> 
     </span>
     <span class='ocr_line' id='line_1_22' title="bbox 1135 1455 2118 1525; baseline -0.008 -14"><span class='ocrx_word' id='word_1_209' title='bbox 1135 1464 1221 1511; x_wconf 86' lang='lat' dir='ltr'><em>loco</em></span> <span class='ocrx_word' id='word_1_210' title='bbox 1262 1477 1374 1510; x_wconf 86' lang='lat' dir='ltr'><em>certa</em></span> <span class='ocrx_word' id='word_1_211' title='bbox 1416 1460 1593 1508; x_wconf 82' lang='lat' dir='ltr'>traditio</span> <span class='ocrx_word' id='word_1_212' title='bbox 1638 1459 1691 1525; x_wconf 78' lang='lat' dir='ltr'>est</span> <span class='ocrx_word' id='word_1_213' title='bbox 1734 1457 2020 1506; x_wconf 69' lang='lat' dir='ltr'><em>admirabilem</em></span> <span class='ocrx_word' id='word_1_214' title='bbox 2063 1455 2118 1503; x_wconf 82' lang='lat' dir='ltr'>il-</span> 
     </span>
    </p>
   </div>
   <div class='ocr_carea' id='block_1_5' title="bbox 98 1528 2119 1961">
    <p class='ocr_par' dir='ltr' id='par_1_6' title="bbox 98 1528 2119 1961">
     <span class='ocr_line' id='line_1_23' title="bbox 98 1528 2119 1605; baseline -0.006 -19"><span class='ocrx_word' id='word_1_215' title='bbox 98 1538 379 1605; x_wconf 69' lang='lat' dir='ltr'><em>sttblevarent</em></span> <span class='ocrx_word' id='word_1_216' title='bbox 401 1575 412 1585; x_wconf 91' lang='lat'><strong>.</strong></span> <span class='ocrx_word' id='word_1_217' title='bbox 477 1537 616 1601; x_wconf 86' lang='lat' dir='ltr'>Hujus</span> <span class='ocrx_word' id='word_1_218' title='bbox 651 1536 880 1604; x_wconf 57' lang='lat' dir='ltr'><em>festivitas</em></span> <span class='ocrx_word' id='word_1_219' title='bbox 916 1538 1086 1604; x_wconf 76' lang='lat' dir='ltr'><em>sacra...</em></span> <span class='ocrx_word' id='word_1_220' title='bbox 1136 1535 1221 1582; x_wconf 84' lang='lat' dir='ltr'><em>lam</em></span> <span class='ocrx_word' id='word_1_221' title='bbox 1261 1538 1371 1582; x_wconf 86' lang='lat' dir='ltr'>inter</span> <span class='ocrx_word' id='word_1_222' title='bbox 1413 1534 1537 1582; x_wconf 73' lang='lat' dir='ltr'>cervi</span> <span class='ocrx_word' id='word_1_223' title='bbox 1579 1548 1727 1577; x_wconf 82' lang='lat' dir='ltr'>cornua</span> <span class='ocrx_word' id='word_1_224' title='bbox 1773 1528 2018 1578; x_wconf 74' lang='lat' dir='ltr'><em>salvatoris</em></span> <span class='ocrx_word' id='word_1_225' title='bbox 2047 1542 2119 1592; x_wconf 87' lang='lat' dir='ltr'>ap-</span> 
     </span>
     <span class='ocr_line' id='line_1_24' title="bbox 109 1600 2119 1674; baseline -0.002 -18"><span class='ocrx_word' id='word_1_226' title='bbox 109 1610 318 1657; x_wconf 79' lang='lat' dir='ltr'><em>medt‘ante</em></span> <span class='ocrx_word' id='word_1_227' title='bbox 381 1609 529 1674; x_wconf 74' lang='lat' dir='ltr'><em>menfi‘·</em></span> <span class='ocrx_word' id='word_1_228' title='bbox 574 1609 781 1656; x_wconf 73' lang='lat' dir='ltr'>undecimo</span> <span class='ocrx_word' id='word_1_229' title='bbox 837 1608 1084 1658; x_wconf 78' lang='lat' dir='ltr'><em>celebratur.</em></span> <span class='ocrx_word' id='word_1_230' title='bbox 1131 1608 1381 1671; x_wconf 67' lang='lat' dir='ltr'>paritiottem</span> <span class='ocrx_word' id='word_1_231' title='bbox 1431 1602 1476 1652; x_wconf 75' lang='lat' dir='ltr'>S·</span> <span class='ocrx_word' id='word_1_232' title='bbox 1510 1601 1728 1669; x_wconf 66' lang='lat' dir='ltr'>Eustacbio</span> <span class='ocrx_word' id='word_1_233' title='bbox 1775 1602 1957 1649; x_wconf 77' lang='lat' dir='ltr'><em>venanti</em></span> <span class='ocrx_word' id='word_1_234' title='bbox 2017 1600 2119 1645; x_wconf 72' lang='lat' dir='ltr'>acci·</span> 
     </span>
     <span class='ocr_line' id='line_1_25' title="bbox 108 1668 2111 1746; baseline -0.006 -18"><span class='ocrx_word' id='word_1_235' title='bbox 108 1678 228 1728; x_wconf 83' lang='lat' dir='ltr'><em>Nam</em></span> <span class='ocrx_word' id='word_1_236' title='bbox 264 1683 308 1727; x_wconf 77' lang='lat' dir='ltr'>iu</span> <span class='ocrx_word' id='word_1_237' title='bbox 351 1679 550 1727; x_wconf 83' lang='lat' dir='ltr'>Oratorio</span> <span class='ocrx_word' id='word_1_238' title='bbox 590 1677 836 1727; x_wconf 77' lang='lat' dir='ltr'>Marciacen</span> <span class='ocrx_word' id='word_1_239' title='bbox 855 1700 890 1727; x_wconf 81' lang='lat' dir='ltr'>zs</span> <span class='ocrx_word' id='word_1_240' title='bbox 924 1680 1083 1738; x_wconf 85' lang='lat' dir='ltr'><em>domus,</em></span> <span class='ocrx_word' id='word_1_241' title='bbox 1134 1676 1251 1742; x_wconf 62' lang='lat' dir='ltr'>diffie.</span> <span class='ocrx_word' id='word_1_242' title='bbox 1300 1677 1452 1746; x_wconf 75' lang='lat' dir='ltr'>Qare</span> <span class='ocrx_word' id='word_1_243' title='bbox 1488 1687 1564 1739; x_wconf 85' lang='lat' dir='ltr'>pro</span> <span class='ocrx_word' id='word_1_244' title='bbox 1606 1688 1717 1720; x_wconf 85' lang='lat' dir='ltr'><em>certo</em></span> <span class='ocrx_word' id='word_1_245' title='bbox 1761 1675 1885 1719; x_wconf 85' lang='lat' dir='ltr'>etiam</span> <span class='ocrx_word' id='word_1_246' title='bbox 1917 1668 2111 1726; x_wconf 78' lang='lat' dir='ltr'>habetur,</span> 
     </span>
     <span class='ocr_line' id='line_1_26' title="bbox 111 1744 2118 1817; baseline -0.007 -18"><span class='ocrx_word' id='word_1_247' title='bbox 111 1751 313 1800; x_wconf 69' lang='lat' dir='ltr'>Arverni</span> <span class='ocrx_word' id='word_1_248' title='bbox 340 1753 550 1797; x_wconf 80' lang='lat' dir='ltr'>territorii</span> <span class='ocrx_word' id='word_1_249' title='bbox 581 1784 596 1805; x_wconf 92' lang='lat'>,</span> <span class='ocrx_word' id='word_1_250' title='bbox 634 1753 724 1808; x_wconf 78' lang='lat' dir='ltr'><em>ejus</em></span> <span class='ocrx_word' id='word_1_251' title='bbox 759 1752 944 1817; x_wconf 79' lang='lat' dir='ltr'>reliquiae</span> <span class='ocrx_word' id='word_1_252' title='bbox 965 1747 1253 1813; x_wconf 65' lang='lat' dir='ltr'>cotzti-Cqubd</span> <span class='ocrx_word' id='word_1_253' title='bbox 1259 1751 1301 1795; x_wconf 75' lang='lat' dir='ltr'><em>t&#39;n</em></span> <span class='ocrx_word' id='word_1_254' title='bbox 1316 1749 1429 1793; x_wconf 86' lang='lat' dir='ltr'>tanti</span> <span class='ocrx_word' id='word_1_255' title='bbox 1434 1744 1555 1811; x_wconf 62' lang='grc' dir='ltr'>[ἧὲἷί</span> <span class='ocrx_word' id='word_1_256' title='bbox 1570 1779 1585 1799; x_wconf 87' lang='lat'>‚</span> <span class='ocrx_word' id='word_1_257' title='bbox 1614 1761 1661 1790; x_wconf 89' lang='lat' dir='ltr'>ac</span> <span class='ocrx_word' id='word_1_258' title='bbox 1683 1757 1874 1807; x_wconf 76' lang='lat' dir='ltr'><em>portento</em></span> <span class='ocrx_word' id='word_1_259' title='bbox 1895 1761 1910 1789; x_wconf 88' lang='lat' dir='ltr'>z</span> <span class='ocrx_word' id='word_1_260' title='bbox 1942 1755 2118 1790; x_wconf 84' lang='lat' dir='ltr'><em>eventus</em></span> 
     </span>
     <span class='ocr_line' id='line_1_27' title="bbox 110 1809 2117 1888; baseline -0.007 -19"><span class='ocrx_word' id='word_1_261' title='bbox 110 1837 274 1869; x_wconf 82' lang='lat' dir='ltr'><em>nentur.</em></span> <span class='ocrx_word' id='word_1_262' title='bbox 302 1822 508 1869; x_wconf 86' lang='lat' dir='ltr'>Arverni</span> <span class='ocrx_word' id='word_1_263' title='bbox 525 1837 689 1868; x_wconf 90' lang='lat' dir='ltr'>nomen</span> <span class='ocrx_word' id='word_1_264' title='bbox 707 1819 769 1868; x_wconf 86' lang='lat' dir='ltr'>est</span> <span class='ocrx_word' id='word_1_265' title='bbox 785 1819 1090 1888; x_wconf 86' lang='lat' dir='ltr'>Populi,s1ve</span> <span class='ocrx_word' id='word_1_266' title='bbox 1139 1821 1375 1864; x_wconf 80' lang='lat' dir='ltr'><em>memoriam</em></span> <span class='ocrx_word' id='word_1_267' title='bbox 1471 1812 1785 1880; x_wconf 75' lang='lat' dir='ltr'>gloricfifflmus</span> <span class='ocrx_word' id='word_1_268' title='bbox 1830 1852 1838 1862; x_wconf 92' lang='lat'><strong>.</strong></span> <span class='ocrx_word' id='word_1_269' title='bbox 1885 1809 2117 1876; x_wconf 83' lang='lat' dir='ltr'><em>Imperator</em></span> 
     </span>
     <span class='ocr_line' id='line_1_28' title="bbox 110 1880 2119 1961; baseline -0.007 -20"><span class='ocrx_word' id='word_1_270' title='bbox 110 1893 361 1961; x_wconf 83' lang='lat' dir='ltr'>Regionis,</span> <span class='ocrx_word' id='word_1_271' title='bbox 391 1896 517 1953; x_wconf 83' lang='lat' dir='ltr'>cujus</span> <span class='ocrx_word' id='word_1_272' title='bbox 538 1894 693 1956; x_wconf 85' lang='lat' dir='ltr'>Caput</span> <span class='ocrx_word' id='word_1_273' title='bbox 708 1889 768 1938; x_wconf 89' lang='lat' dir='ltr'>est</span> <span class='ocrx_word' id='word_1_274' title='bbox 793 1893 1090 1950; x_wconf 81' lang='lat' dir='ltr'>Claromons,</span> <span class='ocrx_word' id='word_1_275' title='bbox 1143 1887 1427 1954; x_wconf 74' lang='lat' dir='ltr'>Constantinus</span> <span class='ocrx_word' id='word_1_276' title='bbox 1474 1883 1695 1949; x_wconf 50' lang='lat' dir='ltr'>aedificarit</span> <span class='ocrx_word' id='word_1_277' title='bbox 1748 1881 1969 1949; x_wconf 75' lang='lat' dir='ltr'><em>Ecclesiam</em></span> <span class='ocrx_word' id='word_1_278' title='bbox 1997 1880 2119 1929; x_wconf 61' lang='lat' dir='ltr'>halie-</span> 
     </span>
    </p>
   </div>
   <div class='ocr_carea' id='block_1_6' title="bbox 0 0 27 3146">
    <p class='ocr_par' dir='ltr' id='par_1_7' title="bbox 0 0 27 3146">
     <span class='ocr_line' id='line_1_29' title="bbox 0 0 27 3146; baseline 0 0"><span class='ocrx_word' id='word_1_279' title='bbox 0 0 27 3146; x_wconf 95' lang='lat' dir='ltr'> </span> 
     </span>
    </p>
   </div>
   <div class='ocr_carea' id='block_1_7' title="bbox 109 1959 917 2153">
    <p class='ocr_par' dir='ltr' id='par_1_8' title="bbox 109 1959 917 2153">
     <span class='ocr_line' id='line_1_30' title="bbox 109 1959 829 2017; baseline -0.004 -5"><span class='ocrx_word' id='word_1_280' title='bbox 109 1964 242 2017; x_wconf 85' lang='lat' dir='ltr'>Urbs</span> <span class='ocrx_word' id='word_1_281' title='bbox 266 1965 310 2010; x_wconf 89' lang='lat' dir='ltr'>in</span> <span class='ocrx_word' id='word_1_282' title='bbox 330 1963 498 2010; x_wconf 83' lang='lat' dir='ltr'>Galliis</span> <span class='ocrx_word' id='word_1_283' title='bbox 518 1959 829 2015; x_wconf 81' lang='lat' dir='ltr'>celeberrIma.</span> 
     </span>
     <span class='ocr_line' id='line_1_31' title="bbox 288 2103 917 2153; baseline 0 0"><span class='ocrx_word' id='word_1_284' title='bbox 288 2107 331 2153; x_wconf 89' lang='lat' dir='ltr'>C</span> <span class='ocrx_word' id='word_1_285' title='bbox 371 2107 419 2152; x_wconf 87' lang='lat' dir='ltr'>A</span> <span class='ocrx_word' id='word_1_286' title='bbox 456 2104 490 2152; x_wconf 95' lang='lat' dir='ltr'>P</span> <span class='ocrx_word' id='word_1_287' title='bbox 530 2106 576 2152; x_wconf 87' lang='lat' dir='ltr'>V</span> <span class='ocrx_word' id='word_1_288' title='bbox 614 2103 661 2151; x_wconf 88' lang='lat' dir='ltr'>T</span> <span class='ocrx_word' id='word_1_289' title='bbox 743 2106 917 2153; x_wconf 84' lang='lat' dir='ltr'><strong>XXII.</strong></span> 
     </span>
    </p>
   </div>
   <div class='ocr_carea' id='block_1_8' title="bbox 167 2243 1028 2384">
    <p class='ocr_par' dir='ltr' id='par_1_9' title="bbox 167 2243 1028 2384">
     <span class='ocr_line' id='line_1_32' title="bbox 167 2243 1028 2312; baseline -0.002 -18"><span class='ocrx_word' id='word_1_290' title='bbox 167 2246 238 2294; x_wconf 85' lang='lat' dir='ltr'><em>De</em></span> <span class='ocrx_word' id='word_1_291' title='bbox 260 2244 441 2312; x_wconf 69' lang='lat' dir='ltr'><em>Ecclesia</em></span> <span class='ocrx_word' id='word_1_292' title='bbox 459 2244 504 2293; x_wconf 80' lang='lat' dir='ltr'>S.</span> <span class='ocrx_word' id='word_1_293' title='bbox 525 2243 685 2294; x_wconf 68' lang='lat' dir='ltr'>Maria</span> <span class='ocrx_word' id='word_1_294' title='bbox 704 2248 746 2292; x_wconf 82' lang='lat' dir='ltr'>in</span> <span class='ocrx_word' id='word_1_295' title='bbox 773 2243 1028 2302; x_wconf 71' lang='lat' dir='ltr'><em>Vulturella,</em></span> 
     </span>
     <span class='ocr_line' id='line_1_33' title="bbox 182 2312 1002 2384; baseline -0.004 -18"><span class='ocrx_word' id='word_1_296' title='bbox 182 2316 292 2384; x_wconf 80' lang='lat' dir='ltr'><em>five</em></span> <span class='ocrx_word' id='word_1_297' title='bbox 325 2314 587 2365; x_wconf 85' lang='lat' dir='ltr'><em>Mentorella</em></span> <span class='ocrx_word' id='word_1_298' title='bbox 610 2312 847 2377; x_wconf 65' lang='lat' dir='ltr'>Tiburting</span> <span class='ocrx_word' id='word_1_299' title='bbox 865 2316 1002 2365; x_wconf 75' lang='lat' dir='ltr'>Dioee.</span> 
     </span>
    </p>
   </div>
   <div class='ocr_carea' id='block_1_9' title="bbox 106 2454 1088 2594">
    <p class='ocr_par' dir='ltr' id='par_1_10' title="bbox 106 2454 1088 2594">
     <span class='ocr_line' id='line_1_34' title="bbox 106 2454 1088 2594; baseline -0.002 -86"><span class='ocrx_word' id='word_1_300' title='bbox 106 2455 296 2594; x_wconf 66' lang='lat' dir='ltr'>PRO</span> <span class='ocrx_word' id='word_1_301' title='bbox 337 2460 582 2507; x_wconf 75' lang='lat' dir='ltr'>sacrarum</span> <span class='ocrx_word' id='word_1_302' title='bbox 627 2454 816 2508; x_wconf 79' lang='lat' dir='ltr'>AEdiurn</span> <span class='ocrx_word' id='word_1_303' title='bbox 837 2493 852 2515; x_wconf 94' lang='lat'>,</span> <span class='ocrx_word' id='word_1_304' title='bbox 883 2458 908 2505; x_wconf 72' lang='grc' dir='ltr'>ὲ</span> <span class='ocrx_word' id='word_1_305' title='bbox 936 2455 1088 2506; x_wconf 89' lang='lat' dir='ltr'>nostro</span> 
     </span>
    </p>
   </div>
   <div class='ocr_carea' id='block_1_10' title="bbox 1141 1954 2118 2088">
    <p class='ocr_par' dir='ltr' id='par_1_11' title="bbox 1141 1954 2118 2088">
     <span class='ocr_line' id='line_1_35' title="bbox 1141 1954 2118 2020; baseline -0.009 -14"><span class='ocrx_word' id='word_1_306' title='bbox 1141 1959 1189 2007; x_wconf 83' lang='lat' dir='ltr'>de</span> <span class='ocrx_word' id='word_1_307' title='bbox 1221 1956 1484 2006; x_wconf 85' lang='lat' dir='ltr'><em>Mentorella</em></span> <span class='ocrx_word' id='word_1_308' title='bbox 1515 1955 1767 2020; x_wconf 77' lang='lat' dir='ltr'><em>appellatam</em></span> <span class='ocrx_word' id='word_1_309' title='bbox 1794 1989 1810 2011; x_wconf 94' lang='lat'>,</span> <span class='ocrx_word' id='word_1_310' title='bbox 1853 1954 2050 2020; x_wconf 77' lang='lat' dir='ltr'>illamque</span> <span class='ocrx_word' id='word_1_311' title='bbox 2073 1955 2118 1999; x_wconf 78' lang='lat' dir='ltr'>in</span> 
     </span>
     <span class='ocr_line' id='line_1_36' title="bbox 1143 2022 2116 2088; baseline -0.005 -11"><span class='ocrx_word' id='word_1_312' title='bbox 1143 2030 1331 2077; x_wconf 76' lang='lat' dir='ltr'><em>honorem</em></span> <span class='ocrx_word' id='word_1_313' title='bbox 1362 2029 1594 2077; x_wconf 75' lang='lat' dir='ltr'><em>Genitrt&#39;ct&#39;s</em></span> <span class='ocrx_word' id='word_1_314' title='bbox 1628 2024 1875 2075; x_wconf 75' lang='lat' dir='ltr'><em>salvatoris</em></span> <span class='ocrx_word' id='word_1_315' title='bbox 1894 2059 1910 2080; x_wconf 91' lang='lat'>,</span> <span class='ocrx_word' id='word_1_316' title='bbox 1936 2022 2116 2088; x_wconf 67' lang='lat' dir='ltr'><em>SanHt&#39;fi</em></span> 
     </span>
    </p>
   </div>
   <div class='ocr_carea' id='block_1_11' title="bbox 1126 2094 2120 2168">
    <p class='ocr_par' dir='ltr' id='par_1_12' title="bbox 1126 2094 2120 2168">
     <span class='ocr_line' id='line_1_37' title="bbox 1126 2094 2120 2168; baseline -0.006 -21"><span class='ocrx_word' id='word_1_317' title='bbox 1126 2099 1262 2168; x_wconf 79' lang='lat' dir='ltr'><em>fimus</em></span> <span class='ocrx_word' id='word_1_318' title='bbox 1310 2097 1512 2167; x_wconf 67' lang='lat' dir='ltr'><em>Poutt&#39;fex</em></span> <span class='ocrx_word' id='word_1_319' title='bbox 1548 2094 1583 2143; x_wconf 83' lang='lat' dir='ltr'><em>S</em></span> <span class='ocrx_word' id='word_1_320' title='bbox 1576 2096 1772 2164; x_wconf 69' lang='lat' dir='ltr'><em>ylvefier</em></span> <span class='ocrx_word' id='word_1_321' title='bbox 1799 2098 1961 2161; x_wconf 79' lang='lat' dir='ltr'>primus</span> <span class='ocrx_word' id='word_1_322' title='bbox 2006 2095 2120 2143; x_wconf 84' lang='lat' dir='ltr'>dedi-</span> 
     </span>
    </p>
   </div>
   <div class='ocr_carea' id='block_1_12' title="bbox 1139 2187 2116 2516">
    <p class='ocr_par' dir='ltr' id='par_1_13' title="bbox 1141 2187 1344 2221">
     <span class='ocr_line' id='line_1_38' title="bbox 1141 2187 1344 2221; baseline 0.005 -3"><span class='ocrx_word' id='word_1_323' title='bbox 1141 2187 1313 2221; x_wconf 76' lang='lat' dir='ltr'><em>cavertt</em></span> <span class='ocrx_word' id='word_1_324' title='bbox 1333 2208 1344 2219; x_wconf 91' lang='lat'><strong>.</strong></span> 
     </span>
    </p>

    <p class='ocr_par' dir='ltr' id='par_1_14' title="bbox 1139 2237 2116 2516">
     <span class='ocr_line' id='line_1_39' title="bbox 1211 2237 2116 2304; baseline -0.009 -13"><span class='ocrx_word' id='word_1_325' title='bbox 1211 2245 1349 2293; x_wconf 88' lang='lat' dir='ltr'>Hanc</span> <span class='ocrx_word' id='word_1_326' title='bbox 1394 2239 1593 2289; x_wconf 70' lang='lat' dir='ltr'>Fa&amp;orii</span> <span class='ocrx_word' id='word_1_327' title='bbox 1630 2240 1934 2287; x_wconf 79' lang='lat' dir='ltr'>narrationem</span> <span class='ocrx_word' id='word_1_328' title='bbox 1977 2237 2116 2304; x_wconf 87' lang='lat' dir='ltr'>proli-</span> 
     </span>
     <span class='ocr_line' id='line_1_40' title="bbox 1140 2307 2115 2379; baseline -0.007 -19"><span class='ocrx_word' id='word_1_329' title='bbox 1140 2312 1242 2361; x_wconf 70' lang='lat' dir='ltr'>xius</span> <span class='ocrx_word' id='word_1_330' title='bbox 1261 2309 1569 2379; x_wconf 82' lang='lat' dir='ltr'>prosequitur,</span> <span class='ocrx_word' id='word_1_331' title='bbox 1585 2308 1632 2359; x_wconf 75' lang='grc' dir='ltr'>ὅ(</span> <span class='ocrx_word' id='word_1_332' title='bbox 1651 2310 1853 2358; x_wconf 88' lang='lat' dir='ltr'>oratorio</span> <span class='ocrx_word' id='word_1_333' title='bbox 1871 2307 1993 2374; x_wconf 73' lang='lat' dir='ltr'>stylo</span> <span class='ocrx_word' id='word_1_334' title='bbox 2009 2309 2115 2357; x_wconf 80' lang='lat' dir='ltr'>Kir-</span> 
     </span>
     <span class='ocr_line' id='line_1_41' title="bbox 1141 2377 2110 2450; baseline -0.007 -19"><span class='ocrx_word' id='word_1_335' title='bbox 1141 2384 1303 2431; x_wconf 85' lang='lat' dir='ltr'>cherus</span> <span class='ocrx_word' id='word_1_336' title='bbox 1335 2380 1587 2450; x_wconf 83' lang='lat' dir='ltr'>amplificat</span> <span class='ocrx_word' id='word_1_337' title='bbox 1608 2416 1622 2438; x_wconf 91' lang='lat'>,</span> <span class='ocrx_word' id='word_1_338' title='bbox 1663 2398 1835 2448; x_wconf 84' lang='lat' dir='ltr'>proque</span> <span class='ocrx_word' id='word_1_339' title='bbox 1862 2397 1914 2427; x_wconf 86' lang='lat' dir='ltr'>ea</span> <span class='ocrx_word' id='word_1_340' title='bbox 1947 2377 2110 2425; x_wconf 86' lang='lat' dir='ltr'>confir-</span> 
     </span>
     <span class='ocr_line' id='line_1_42' title="bbox 1139 2447 2112 2516; baseline -0.006 -13"><span class='ocrx_word' id='word_1_341' title='bbox 1139 2454 1305 2503; x_wconf 83' lang='lat' dir='ltr'>manda</span> <span class='ocrx_word' id='word_1_342' title='bbox 1323 2453 1631 2516; x_wconf 64' lang='lat' dir='ltr'>conjecturam</span> <span class='ocrx_word' id='word_1_343' title='bbox 1656 2451 1808 2500; x_wconf 85' lang='lat' dir='ltr'>educit</span> <span class='ocrx_word' id='word_1_344' title='bbox 1830 2467 1885 2497; x_wconf 80' lang='lat' dir='ltr'>ex</span> <span class='ocrx_word' id='word_1_345' title='bbox 1914 2447 2112 2514; x_wconf 85' lang='lat' dir='ltr'>quadam</span> 
     </span>
    </p>
   </div>
   <div class='ocr_carea' id='block_1_13' title="bbox 110 2520 2110 2658">
    <p class='ocr_par' dir='ltr' id='par_1_15' title="bbox 110 2520 2110 2658">
     <span class='ocr_line' id='line_1_43' title="bbox 244 2520 2110 2594; baseline -0.006 -16"><span class='ocrx_word' id='word_1_346' title='bbox 244 2526 626 2578; x_wconf 82' lang='lat' dir='ltr'>Christianiffimo</span> <span class='ocrx_word' id='word_1_347' title='bbox 672 2532 957 2594; x_wconf 83' lang='lat' dir='ltr'>Imperatore</span> <span class='ocrx_word' id='word_1_348' title='bbox 1004 2530 1089 2576; x_wconf 73' lang='lat' dir='ltr'>in.‚</span> <span class='ocrx_word' id='word_1_349' title='bbox 1140 2523 1400 2594; x_wconf 81' lang='lat' dir='ltr'>praegrandi</span> <span class='ocrx_word' id='word_1_350' title='bbox 1434 2524 1587 2593; x_wconf 82' lang='lat' dir='ltr'>lignea</span> <span class='ocrx_word' id='word_1_351' title='bbox 1616 2520 1770 2570; x_wconf 76' lang='lat' dir='ltr'>tabula</span> <span class='ocrx_word' id='word_1_352' title='bbox 1797 2555 1812 2578; x_wconf 89' lang='lat'>,</span> <span class='ocrx_word' id='word_1_353' title='bbox 1841 2538 1936 2586; x_wconf 82' lang='lat' dir='ltr'>quae</span> <span class='ocrx_word' id='word_1_354' title='bbox 1964 2520 2010 2566; x_wconf 88' lang='lat' dir='ltr'>in</span> <span class='ocrx_word' id='word_1_355' title='bbox 2041 2537 2110 2567; x_wconf 86' lang='lat' dir='ltr'>ea·</span> 
     </span>
     <span class='ocr_line' id='line_1_44' title="bbox 110 2591 2110 2658; baseline -0.005 -11"><span class='ocrx_word' id='word_1_356' title='bbox 110 2599 369 2647; x_wconf 81' lang='lat' dir='ltr'>Occidente</span> <span class='ocrx_word' id='word_1_357' title='bbox 405 2597 767 2647; x_wconf 63' lang='lat' dir='ltr'>constructarum</span> <span class='ocrx_word' id='word_1_358' title='bbox 791 2634 806 2655; x_wconf 92' lang='lat'>,</span> <span class='ocrx_word' id='word_1_359' title='bbox 837 2595 1244 2648; x_wconf 65' lang='lat' dir='ltr'>coronide-,Odem</span> <span class='ocrx_word' id='word_1_360' title='bbox 1294 2592 1494 2645; x_wconf 84' lang='lat' dir='ltr'>Ecclefia</span> <span class='ocrx_word' id='word_1_361' title='bbox 1544 2592 1780 2648; x_wconf 85' lang='lat' dir='ltr'>cernitur,</span> <span class='ocrx_word' id='word_1_362' title='bbox 1819 2604 1977 2658; x_wconf 80' lang='lat' dir='ltr'>praeter</span> <span class='ocrx_word' id='word_1_363' title='bbox 2002 2591 2110 2638; x_wconf 85' lang='lat' dir='ltr'>alias</span> 
     </span>
    </p>
   </div>
   <div class='ocr_carea' id='block_1_14' title="bbox 104 2667 1087 3301">
    <p class='ocr_par' dir='ltr' id='par_1_16' title="bbox 104 2667 1087 3301">
     <span class='ocr_line' id='line_1_45' title="bbox 107 2667 1086 2728; baseline 0 -11"><span class='ocrx_word' id='word_1_364' title='bbox 107 2668 181 2717; x_wconf 73' lang='lat' dir='ltr'>hic</span> <span class='ocrx_word' id='word_1_365' title='bbox 212 2667 462 2719; x_wconf 83' lang='lat' dir='ltr'>Ecclefiam</span> <span class='ocrx_word' id='word_1_366' title='bbox 489 2672 711 2718; x_wconf 82' lang='lat' dir='ltr'>S.Mariae</span> <span class='ocrx_word' id='word_1_367' title='bbox 743 2670 787 2716; x_wconf 88' lang='lat' dir='ltr'>in</span> <span class='ocrx_word' id='word_1_368' title='bbox 804 2671 1086 2728; x_wconf 79' lang='lat' dir='ltr'>Vulturelia,</span> 
     </span>
     <span class='ocr_line' id='line_1_46' title="bbox 105 2738 1085 2806; baseline 0.001 -18"><span class='ocrx_word' id='word_1_369' title='bbox 105 2740 217 2788; x_wconf 71' lang='lat' dir='ltr'>alias</span> <span class='ocrx_word' id='word_1_370' title='bbox 274 2741 386 2788; x_wconf 87' lang='lat' dir='ltr'><em>della</em></span> <span class='ocrx_word' id='word_1_371' title='bbox 443 2738 706 2788; x_wconf 80' lang='lat' dir='ltr'><em>Mentorella</em></span> <span class='ocrx_word' id='word_1_372' title='bbox 742 2775 759 2796; x_wconf 90' lang='lat'>‚</span> <span class='ocrx_word' id='word_1_373' title='bbox 807 2739 1085 2806; x_wconf 86' lang='lat' dir='ltr'>Tyburtinae</span> 
     </span>
     <span class='ocr_line' id='line_1_47' title="bbox 105 2809 1083 2869; baseline -0.001 -9"><span class='ocrx_word' id='word_1_374' title='bbox 105 2809 331 2860; x_wconf 77' lang='lat' dir='ltr'>Dioecefis</span> <span class='ocrx_word' id='word_1_375' title='bbox 357 2810 673 2869; x_wconf 58' lang='lat' dir='ltr'>anneftimu53</span> <span class='ocrx_word' id='word_1_376' title='bbox 704 2809 813 2858; x_wconf 68' lang='lat' dir='ltr'>licet</span> <span class='ocrx_word' id='word_1_377' title='bbox 843 2809 899 2858; x_wconf 92' lang='lat' dir='ltr'>de</span> <span class='ocrx_word' id='word_1_378' title='bbox 920 2826 1083 2859; x_wconf 85' lang='lat' dir='ltr'>certa...</span> 
     </span>
     <span class='ocr_line' id='line_1_48' title="bbox 104 2878 1082 2946; baseline 0.001 -17"><span class='ocrx_word' id='word_1_379' title='bbox 104 2885 199 2944; x_wconf 82' lang='lat' dir='ltr'>ejus</span> <span class='ocrx_word' id='word_1_380' title='bbox 233 2878 498 2929; x_wconf 84' lang='lat' dir='ltr'>fundatione</span> <span class='ocrx_word' id='word_1_381' title='bbox 514 2897 604 2928; x_wconf 89' lang='lat' dir='ltr'>non</span> <span class='ocrx_word' id='word_1_382' title='bbox 625 2878 826 2937; x_wconf 88' lang='lat' dir='ltr'>constet,</span> <span class='ocrx_word' id='word_1_383' title='bbox 860 2898 941 2929; x_wconf 90' lang='lat' dir='ltr'>nec</span> <span class='ocrx_word' id='word_1_384' title='bbox 959 2879 1082 2946; x_wconf 84' lang='lat' dir='ltr'>apud</span> 
     </span>
     <span class='ocr_line' id='line_1_49' title="bbox 106 2950 1087 3017; baseline -0.001 -17"><span class='ocrx_word' id='word_1_385' title='bbox 106 2951 338 3000; x_wconf 57' lang='lat' dir='ltr'>Auctores</span> <span class='ocrx_word' id='word_1_386' title='bbox 356 2987 371 3009; x_wconf 90' lang='lat'>,</span> <span class='ocrx_word' id='word_1_387' title='bbox 386 2968 498 3017; x_wconf 86' lang='lat' dir='ltr'>quos</span> <span class='ocrx_word' id='word_1_388' title='bbox 513 2950 711 3000; x_wconf 86' lang='lat' dir='ltr'>viderim</span> <span class='ocrx_word' id='word_1_389' title='bbox 725 2985 740 3008; x_wconf 91' lang='lat'>,</span> <span class='ocrx_word' id='word_1_390' title='bbox 753 2952 848 2998; x_wconf 85' lang='lat' dir='ltr'>ulla</span> <span class='ocrx_word' id='word_1_391' title='bbox 864 2950 1087 3002; x_wconf 83' lang='lat' dir='ltr'>Constan-</span> 
     </span>
     <span class='ocr_line' id='line_1_50' title="bbox 105 3020 1086 3092; baseline 0.003 -25"><span class='ocrx_word' id='word_1_392' title='bbox 105 3022 192 3068; x_wconf 88' lang='lat' dir='ltr'>tini</span> <span class='ocrx_word' id='word_1_393' title='bbox 245 3024 409 3092; x_wconf 84' lang='lat' dir='ltr'>Magni</span> <span class='ocrx_word' id='word_1_394' title='bbox 447 3021 527 3069; x_wconf 87' lang='lat' dir='ltr'>hac</span> <span class='ocrx_word' id='word_1_395' title='bbox 553 3020 610 3069; x_wconf 88' lang='lat' dir='ltr'>de</span> <span class='ocrx_word' id='word_1_396' title='bbox 644 3039 691 3070; x_wconf 88' lang='lat' dir='ltr'>re</span> <span class='ocrx_word' id='word_1_397' title='bbox 719 3023 898 3069; x_wconf 86' lang='lat' dir='ltr'>mentio</span> <span class='ocrx_word' id='word_1_398' title='bbox 930 3021 1086 3070; x_wconf 77' lang='lat' dir='ltr'>habea-</span> 
     </span>
     <span class='ocr_line' id='line_1_51' title="bbox 107 3090 1084 3149; baseline 0.002 -10"><span class='ocrx_word' id='word_1_399' title='bbox 107 3103 226 3149; x_wconf 68' lang='grc' dir='ltr'><strong>ται-3</strong></span> <span class='ocrx_word' id='word_1_400' title='bbox 263 3106 466 3142; x_wconf 87' lang='lat' dir='ltr'>attamen</span> <span class='ocrx_word' id='word_1_401' title='bbox 499 3091 573 3140; x_wconf 89' lang='lat' dir='ltr'>bo.</span> <span class='ocrx_word' id='word_1_402' title='bbox 601 3109 693 3139; x_wconf 87' lang='lat' dir='ltr'>me.</span> <span class='ocrx_word' id='word_1_403' title='bbox 725 3094 776 3141; x_wconf 91' lang='lat' dir='ltr'>P.</span> <span class='ocrx_word' id='word_1_404' title='bbox 805 3090 1084 3141; x_wconf 72' lang='lat' dir='ltr'>Athanasius</span> 
     </span>
     <span class='ocr_line' id='line_1_52' title="bbox 109 3160 1082 3213; baseline -0.001 -1"><span class='ocrx_word' id='word_1_405' title='bbox 109 3162 361 3212; x_wconf 87' lang='lat' dir='ltr'>Kircherus</span> <span class='ocrx_word' id='word_1_406' title='bbox 394 3164 420 3210; x_wconf 71' lang='grc' dir='ltr'>ὲ</span> <span class='ocrx_word' id='word_1_407' title='bbox 446 3160 749 3213; x_wconf 88' lang='lat' dir='ltr'>Constantino</span> <span class='ocrx_word' id='word_1_408' title='bbox 779 3160 1082 3211; x_wconf 67' lang='lat' dir='ltr'>constrn&lt;f³tam</span> 
     </span>
     <span class='ocr_line' id='line_1_53' title="bbox 106 3229 1083 3301; baseline 0.003 -21"><span class='ocrx_word' id='word_1_409' title='bbox 106 3229 323 3293; x_wconf 85' lang='lat' dir='ltr'>asseruit,</span> <span class='ocrx_word' id='word_1_410' title='bbox 351 3235 722 3301; x_wconf 84' lang='lat' dir='ltr'>peculiaremque</span> <span class='ocrx_word' id='word_1_411' title='bbox 758 3231 929 3281; x_wconf 81' lang='lat' dir='ltr'>librum</span> <span class='ocrx_word' id='word_1_412' title='bbox 960 3250 1083 3283; x_wconf 89' lang='lat' dir='ltr'>com-</span> 
     </span>
    </p>
   </div>
   <div class='ocr_carea' id='block_1_15' title="bbox 1133 2660 2111 3208">
    <p class='ocr_par' dir='ltr' id='par_1_17' title="bbox 1133 2660 2111 3208">
     <span class='ocr_line' id='line_1_54' title="bbox 1138 2660 2110 2735; baseline -0.005 -21"><span class='ocrx_word' id='word_1_413' title='bbox 1138 2665 1305 2735; x_wconf 86' lang='lat' dir='ltr'>figuras</span> <span class='ocrx_word' id='word_1_414' title='bbox 1328 2663 1598 2733; x_wconf 72' lang='lat' dir='ltr'>amplissime</span> <span class='ocrx_word' id='word_1_415' title='bbox 1615 2660 1860 2728; x_wconf 70' lang='lat' dir='ltr'>insculptas</span> <span class='ocrx_word' id='word_1_416' title='bbox 1878 2697 1893 2718; x_wconf 93' lang='lat'>,</span> <span class='ocrx_word' id='word_1_417' title='bbox 1921 2661 2110 2709; x_wconf 89' lang='lat' dir='ltr'>nonnul-</span> 
     </span>
     <span class='ocr_line' id='line_1_55' title="bbox 1137 2731 2111 2804; baseline -0.007 -19"><span class='ocrx_word' id='word_1_418' title='bbox 1137 2738 1201 2785; x_wconf 84' lang='lat' dir='ltr'>las</span> <span class='ocrx_word' id='word_1_419' title='bbox 1226 2736 1362 2786; x_wconf 90' lang='lat' dir='ltr'>habet</span> <span class='ocrx_word' id='word_1_420' title='bbox 1392 2737 1645 2804; x_wconf 80' lang='lat' dir='ltr'>imagines3</span> <span class='ocrx_word' id='word_1_421' title='bbox 1686 2749 1848 2799; x_wconf 87' lang='lat' dir='ltr'>nempe</span> <span class='ocrx_word' id='word_1_422' title='bbox 1874 2735 1920 2781; x_wconf 85' lang='lat' dir='ltr'>S.</span> <span class='ocrx_word' id='word_1_423' title='bbox 1941 2731 2111 2796; x_wconf 88' lang='lat' dir='ltr'>Sylve-</span> 
     </span>
     <span class='ocr_line' id='line_1_56' title="bbox 1136 2802 2109 2861; baseline -0.006 -5"><span class='ocrx_word' id='word_1_424' title='bbox 1136 2806 1279 2856; x_wconf 82' lang='lat' dir='ltr'>strum</span> <span class='ocrx_word' id='word_1_425' title='bbox 1294 2825 1398 2855; x_wconf 88' lang='lat' dir='ltr'>cum</span> <span class='ocrx_word' id='word_1_426' title='bbox 1417 2808 1627 2855; x_wconf 83' lang='lat' dir='ltr'>Diacono</span> <span class='ocrx_word' id='word_1_427' title='bbox 1642 2839 1657 2861; x_wconf 93' lang='lat'>,</span> <span class='ocrx_word' id='word_1_428' title='bbox 1688 2802 2010 2858; x_wconf 87' lang='lat' dir='ltr'>Subdiacono,</span> <span class='ocrx_word' id='word_1_429' title='bbox 2045 2815 2109 2850; x_wconf 88' lang='lat' dir='ltr'>at·</span> 
     </span>
     <span class='ocr_line' id='line_1_57' title="bbox 1134 2871 2108 2944; baseline -0.005 -18"><span class='ocrx_word' id='word_1_430' title='bbox 1134 2896 1220 2944; x_wconf 85' lang='lat' dir='ltr'>que</span> <span class='ocrx_word' id='word_1_431' title='bbox 1238 2877 1463 2927; x_wconf 83' lang='lat' dir='ltr'>Aeolitho</span> <span class='ocrx_word' id='word_1_432' title='bbox 1488 2911 1504 2933; x_wconf 90' lang='lat'>‚</span> <span class='ocrx_word' id='word_1_433' title='bbox 1537 2873 1610 2923; x_wconf 91' lang='lat' dir='ltr'>seu</span> <span class='ocrx_word' id='word_1_434' title='bbox 1627 2875 1724 2922; x_wconf 86' lang='lat' dir='ltr'>aliis</span> <span class='ocrx_word' id='word_1_435' title='bbox 1742 2871 1963 2922; x_wconf 80' lang='lat' dir='ltr'>Ministris</span> <span class='ocrx_word' id='word_1_436' title='bbox 1983 2873 2108 2921; x_wconf 85' lang='lat' dir='ltr'>velu-</span> 
     </span>
     <span class='ocr_line' id='line_1_58' title="bbox 1136 2943 2107 2996; baseline -0.003 0"><span class='ocrx_word' id='word_1_437' title='bbox 1136 2949 1172 2996; x_wconf 90' lang='lat' dir='ltr'>ti</span> <span class='ocrx_word' id='word_1_438' title='bbox 1191 2949 1330 2996; x_wconf 82' lang='lat' dir='ltr'>altare</span> <span class='ocrx_word' id='word_1_439' title='bbox 1347 2944 1703 2994; x_wconf 86' lang='lat' dir='ltr'>consecrantem.</span> <span class='ocrx_word' id='word_1_440' title='bbox 1742 2947 1800 2993; x_wconf 90' lang='lat' dir='ltr'>In</span> <span class='ocrx_word' id='word_1_441' title='bbox 1819 2944 1959 2991; x_wconf 86' lang='lat' dir='ltr'>altera</span> <span class='ocrx_word' id='word_1_442' title='bbox 1993 2943 2107 2993; x_wconf 72' lang='lat' dir='ltr'>vero</span> 
     </span>
     <span class='ocr_line' id='line_1_59' title="bbox 1137 3013 2108 3086; baseline -0.004 -19"><span class='ocrx_word' id='word_1_443' title='bbox 1137 3032 1265 3086; x_wconf 85' lang='lat' dir='ltr'>parte</span> <span class='ocrx_word' id='word_1_444' title='bbox 1301 3020 1511 3067; x_wconf 87' lang='lat' dir='ltr'>Cervum</span> <span class='ocrx_word' id='word_1_445' title='bbox 1549 3017 1666 3063; x_wconf 88' lang='lat' dir='ltr'>inter</span> <span class='ocrx_word' id='word_1_446' title='bbox 1699 3032 1868 3063; x_wconf 84' lang='lat' dir='ltr'>cornua</span> <span class='ocrx_word' id='word_1_447' title='bbox 1900 3013 2108 3063; x_wconf 87' lang='lat' dir='ltr'>Salvato-</span> 
     </span>
     <span class='ocr_line' id='line_1_60' title="bbox 1136 3083 2107 3155; baseline -0.004 -19"><span class='ocrx_word' id='word_1_448' title='bbox 1136 3107 1232 3137; x_wconf 87' lang='lat' dir='ltr'>rem</span> <span class='ocrx_word' id='word_1_449' title='bbox 1253 3086 1505 3155; x_wconf 76' lang='lat' dir='ltr'>expressum</span> <span class='ocrx_word' id='word_1_450' title='bbox 1533 3083 1819 3134; x_wconf 86' lang='lat' dir='ltr'>referentem.</span> <span class='ocrx_word' id='word_1_451' title='bbox 1855 3085 2011 3132; x_wconf 88' lang='lat' dir='ltr'>Nimis</span> <span class='ocrx_word' id='word_1_452' title='bbox 2031 3103 2107 3133; x_wconf 88' lang='lat' dir='ltr'>au-</span> 
     </span>
     <span class='ocr_line' id='line_1_61' title="bbox 1133 3153 2106 3208; baseline -0.006 -1"><span class='ocrx_word' id='word_1_453' title='bbox 1133 3174 1227 3208; x_wconf 89' lang='lat' dir='ltr'>tern</span> <span class='ocrx_word' id='word_1_454' title='bbox 1251 3158 1305 3207; x_wconf 85' lang='lat' dir='ltr'>ab</span> <span class='ocrx_word' id='word_1_455' title='bbox 1333 3158 1544 3207; x_wconf 80' lang='lat' dir='ltr'>instituto</span> <span class='ocrx_word' id='word_1_456' title='bbox 1574 3154 1725 3204; x_wconf 85' lang='lat' dir='ltr'>nostro</span> <span class='ocrx_word' id='word_1_457' title='bbox 1754 3153 1983 3205; x_wconf 88' lang='lat' dir='ltr'>discedere</span> <span class='ocrx_word' id='word_1_458' title='bbox 2029 3171 2106 3202; x_wconf 91' lang='lat' dir='ltr'>co-</span> 
     </span>
    </p>
   </div>
   <div class='ocr_carea' id='block_1_16' title="bbox 1133 3223 2105 3355">
    <p class='ocr_par' dir='ltr' id='par_1_18' title="bbox 1133 3223 2105 3355">
     <span class='ocr_line' id='line_1_62' title="bbox 1133 3223 2105 3299; baseline -0.006 -20"><span class='ocrx_word' id='word_1_459' title='bbox 1133 3246 1348 3299; x_wconf 83' lang='lat' dir='ltr'>geremur</span> <span class='ocrx_word' id='word_1_460' title='bbox 1365 3265 1380 3287; x_wconf 86' lang='grc'>,</span> <span class='ocrx_word' id='word_1_461' title='bbox 1404 3227 1436 3278; x_wconf 86' lang='lat' dir='ltr'>fi</span> <span class='ocrx_word' id='word_1_462' title='bbox 1469 3243 1564 3278; x_wconf 85' lang='lat' dir='ltr'>tam</span> <span class='ocrx_word' id='word_1_463' title='bbox 1593 3224 1804 3277; x_wconf 83' lang='lat' dir='ltr'>diffusam</span> <span class='ocrx_word' id='word_1_464' title='bbox 1820 3224 2031 3278; x_wconf 86' lang='lat' dir='ltr'>Kircheri</span> <span class='ocrx_word' id='word_1_465' title='bbox 2048 3223 2105 3273; x_wconf 81' lang='lat' dir='ltr'>de</span> 
     </span>
     <span class='ocr_line' id='line_1_63' title="bbox 1550 3291 2035 3355; baseline -0.019 -6"><span class='ocrx_word' id='word_1_466' title='bbox 1550 3300 1597 3349; x_wconf 80' lang='lat' dir='ltr'>&#39;I&#39;</span> <span class='ocrx_word' id='word_1_467' title='bbox 1881 3291 2035 3355; x_wconf 90' lang='lat' dir='ltr'>hujus-</span> 
     </span>
    </p>
   </div>
  </div>
 </body>
</html>
