2331 3585
492 292 701 389 Opem
721 301 795 368 ab
815 295 1070 369 Λιιὲἵονθ
1091 297 1368 369 hedenus
1393 303 1556 370 edita
1576 353 1591 370 .

186 460 405 512 onie-&ure
444 456 497 500 de
541 471 743 515 perpetuo
776 463 1025 512 A7ymorum

207 521 274 563 usu
302 518 341 558 in
371 516 550 558 licclefia
581 521 725 560 Latina
749 547 762 568 ‚
791 517 855 558 vel
884 516 1024 559 saltem

1138 459 1306 502 sertatio
1362 461 1576 502 Historica.

1641 463 1780 503 Romae
1829 462 1944 518 1691.
2006 465 2045 506 in

1136 519 1207 562 fol.

130 575 447 629 Romana,qussi
470 576 679 618 occasione
710 591 785 618 vox
819 576 1025 629 fermenti
1077 580 1144 620 De
1197 577 1517 618 Incombustibili
1568 578 1670 620 Lino
1701 608 1713 629 ³
1763 579 1842 622 five
1893 580 2047 634 Lapide

134 643 171 682 in
197 635 462 685 Melchiadis,
489 638 526 676 &
545 636 677 676 Siricii
701 634 965 686 [)ecreti8,ac
984 637 1022 677 in

130 694 310 752 Epistola
345 696 574 735 Innocentii
600 697 767 735 LRom.
798 698 911 736 Pont.
931 695 1020 736 alii-

132 772 210 814 que
248 756 422 795 Veteres
460 753 724 796 ecclesiastici
759 754 858 795 ritus
890 753 1030 795 decla-

135 825 287 858 rantur.
307 815 442 853 Romae
467 813 580 853 1683.
600 814 636 853 in
657 828 695 862 4.

75 880 256 920 Examen
285 872 397 914 Libri
425 871 703 923 pontificalis,
733 871 812 914 sive
841 872 1030 914 Vitarum

135 938 411 976 Romanorum
457 929 701 973 Pontificum
746 960 760 980 a
834 945 916 986 qua:
961 929 1031 972 sub

135 993 295 1036 nomine
347 988 535 1031 Anastafii
590 991 897 1032 Bibliothecarii
954 990 1031 1031 cir-

132 1049 460 1100 cumferuntur-3
507 1063 597 1091 cum
636 1050 840 1104 Catalogo
879 1053 1029 1092 Sanetae

132 1115 327 1154 Romanae
390 1106 577 1150 Ecclefiae
621 1108 1029 1151 Bibliothecariorum

132 1170 244 1226 juxta
283 1167 632 1220 Chronologicum
678 1166 896 1210 ordinem.
944 1170 1033 1209 Ro·-

135 1243 205 1270 mae
229 1229 348 1269 1688.
366 1229 404 1267 in
420 1238 463 1280 4.
736 1243 747 1265 1

78 1292 285 1342 Parergon
315 1284 363 1326 ad
402 1288 581 1327 Examen
614 1285 723 1328 Libri
755 1284 1036 1336 pontificalis,

135 1347 217 1388 sive
244 1343 420 1399 Epistola
450 1346 508 1386 Pii
541 1346 596 1385 ΙΙ.
623 1344 672 1385 ad
704 1345 896 1386 Carolum
936 1346 1034 1385 V11.

135 1408 296 1460 Regem
325 1403 499 1445 Franciae
527 1405 573 1444 ab
602 1404 813 1445 Haereticis
835 1403 1036 1458 deprava-

137 1475 207 1514 ta,
239 1465 276 1504 δε
308 1460 328 1502 ὲ
364 1463 596 1504 Launoiana
624 1463 824 1504 calumnia
853 1463 1037 1504 vindica-

136 1535 191 1564 ta.
223 1524 361 1563 Romae
385 1523 504 1561 1688.
521 1521 558 1561 in
580 1535 617 1572 4.

81 1585 237 1625 Vetera
269 1580 530 1621 Monimenna
554 1608 567 1629 ,
600 1581 637 1621 in
664 1580 805 1635 quibus
838 1581 1037 1636 praecipne

137 1638 291 1682 Mufiva
317 1652 439 1693 opera
467 1667 480 1688 ‚
527 1641 736 1681 Sacrarum
756 1667 769 1688 ,
803 1641 1037 1695 prophana-

139 1711 308 1753 rumque
354 1697 513 1738 AEdium
559 1701 765 1740 Struftura
798 1726 810 1747 ‚
855 1713 898 1739 ac
938 1712 1038 1738 non-

140 1756 242 1800 nulli
280 1756 432 1810 antiqui
479 1755 598 1796 Ritus
624 1785 638 1806 ,
680 1755 1036 1798 Differtationibus

139 1812 406 1869 leonibusque
451 1813 729 1856 illustrantur.
765 1817 861 1857 Pars
895 1815 1038 1872 prima.

137 1877 276 1917 Romae
303 1875 421 1927 1690.
439 1873 476 1914 in
492 1871 563 1914 fol.

80 1932 321 1976 Dissertatio
351 1932 580 1982 Historica‚
608 1935 670 1975 An
699 1935 904 1975 Romanus
938 1935 1041 1974 Pon-

142 1992 243 2035 tifex
279 1991 430 2036 Baculo
461 1992 651 2033 Pastorali
686 2003 820 2035 utatur
844 2021 854 2031 .
904 1994 1042 2033 Romae

146 2054 266 2101 1690.
284 2050 322 2092 in
338 2064 378 2103 4.

83 2114 148 2153 De
164 2111 512 2152 Abbreviatorum
529 2107 581 2149 de
601 2112 730 2151 Pareo
749 2109 895 2165 Maiori
920 2137 932 2157 a
961 2110 1042 2150 sive

141 2169 413 2212 Assistentium
446 2171 485 2211 S.
523 2169 573 2208 R.
610 2171 656 2208 E.
692 2167 1043 2210 Vicecancellario

140 2231 180 2272 in
225 2230 456 2270 Literarum
506 2227 830 2281 Apostolicarum
876 2229 1043 2282 expedi-

142 2286 319 2330 tionibus
360 2287 524 2341 antiquo
558 2287 653 2328 statu
685 2315 698 2336 a
748 2287 962 2327 illorumve
1007 2290 1042 2329 in

144 2346 382 2399 Collegium
415 2346 649 2395 ered’tione,
687 2360 879 2396 munere,
913 2347 1044 2400 digni-

145 2416 231 2448 tate
250 2434 262 2456 ,
292 2405 568 2461 praerogativis
586 2433 598 2454 ,
622 2419 666 2446 ac
683 2404 910 2460 privilegiis
928 2433 937 2444 .
959 2405 1047 2446 Dis-

1136 637 1334 678 Amianto
1365 666 1379 687 2
1407 636 1540 690 deque
1570 637 1676 679 illius
1708 637 1843 679 filandi
1891 640 2043 679 modo.

1134 695 1368 751 Epistolaris
1403 693 1640 738 Dissertatio
1672 726 1681 737 .
1722 699 1867 739 Roma:
1924 704 2043 752 1691.

1143 770 1179 798 m
1196 769 1238 808 4.

1085 813 1434 860 Sacro-Historica
1490 813 1722 870 Disquisstio
1776 816 1827 857 de
1892 814 2049 856 duobus

1141 871 1467 915 Emblematibus
1491 900 1504 921 ‚
1546 887 1630 929 quae
1659 874 1697 915 in
1726 874 1904 917 Cimelio
1939 874 2050 914 Emi-

1142 930 1305 975 nentiss.
1351 933 1388 971 &
1433 932 1724 974 Reverendiss.
1772 936 1826 974 D.
1862 931 2050 988 Gasparis

1141 990 1375 1035 Cardinalis
1430 992 1623 1046 Carpinei
1669 990 1920 1034 asservantur
1953 1020 1967 1041 ³
2013 991 2049 1032 in

1141 1064 1312 1108 quorum
1346 1048 1481 1090 altero
1517 1051 1717 1105 praecipue
1750 1049 2002 1106 disceptatur
2036 1078 2051 1100 3

1142 1125 1190 1152 an
1233 1108 1313 1150 duo
1355 1107 1530 1163 Philippi
1576 1112 1861 1166 Imperatores
1895 1107 2050 1151 fuerint

1142 1167 1352 1212 Cristiani.
1382 1169 1523 1208 Romae
1561 1169 1671 1223 1691.
1691 1171 1728 1211 in
1748 1182 1788 1222 4.

1086 1233 1150 1273 De
1189 1228 1316 1268 Vocis
1351 1227 1604 1268 correstione
1637 1228 1674 1269 in
1711 1233 1909 1272 Sermone
1957 1228 2055 1268 V11.

1144 1291 1184 1331 S.
1213 1285 1361 1327 Leonis
1395 1287 1529 1339 Magni
1562 1286 1615 1327 de
1647 1289 1878 1330 Nativitate
1913 1287 2058 1329 Domi-

1143 1348 1186 1388 ni
1202 1355 1526 1387 ΓΡΑΜΜΑῊΟΥ
1544 1347 1970 1398 ΔΩΡΗΜΑΠΟΝᾸινε
1991 1344 2056 1386 Li-

1146 1407 1286 1449 terula:
1350 1406 1639 1448 munusculum.
1720 1412 1862 1451 Romae
1933 1405 2056 1459 1693-

1149 1480 1237 1519 1114.

1091 1529 1154 1567 De
1186 1525 1319 1567 Sacris
1368 1523 1562 1568 AEdificiis
1610 1527 1631 1566 εἰ
1666 1526 1935 1568 Constantino
1968 1525 2058 1565 Ma-

1146 1599 1224 1638 gno
1268 1583 1501 1626 construeris
1572 1585 1759 1641 Synopsis
1824 1582 2056 1627 Historica·

1151 1646 1291 1685 Romae
1318 1643 1437 1698 1693.
1459 1645 1497 1685 in
1517 1642 1588 1685 fol.

1092 1700 1278 1743 Discorfo
1306 1712 1452 1742 tenuto
1478 1703 1529 1746 da
1545 1708 1598 1746 N.
1617 1707 1673 1746 N.
1704 1699 2061 1745 nell’Accademia

1152 1758 1540 1803 Fificomatematica
1588 1764 1773 1804 Romana
1816 1776 1890 1803 con
1942 1772 2060 1801 occa-

1152 1818 1259 1859 sione
1296 1819 1406 1860 della
1448 1824 1622 1862 Cometa
1671 1820 1836 1876 apparsa
1881 1819 1907 1860 il
1949 1815 2059 1858 Mese

1150 1877 1356 1931 d’Agosto
1381 1877 1622 1921 dell'Anno
1649 1884 1770 1921 1682.
1802 1878 1853 1922 ed
1888 1876 2061 1918 osserva-

1154 1937 1262 1976 zioni
1293 1938 1404 1989 sopra
1432 1938 1475 1980 di
1508 1936 1582 1979 effa
1613 1936 1716 1981 fatte
1744 1940 1783 1980 in
1818 1939 1979 1979 Roma.
2010 1936 2058 1975 In

1155 1997 1284 2036 Roma
1303 1995 1419 2040 1682.
1437 1997 1474 2039 in
1490 2010 1532 2049 4.

1095 2057 1245 2096 Nuove
1273 2056 1517 2098 Invenzioni
1552 2053 1594 2096 di
1628 2055 1734 2097 Tubi
1762 2054 1892 2096 Ortici
1929 2052 2061 2094 dimo·

1154 2113 1273 2154 strare
1314 2113 1409 2153 nell'
1436 2114 1685 2156 Accademia
1732 2114 2058 2155 Fisicomatema-

1155 2172 1232 2213 tica
1263 2173 1445 2213 Romana
1475 2172 1635 2213 I’Anno
1666 2174 1783 2215 1685.
1813 2171 1917 2213 sotto
1939 2182 2059 2212 nome

1158 2231 1197 2271 di
1235 2230 1360 2270 Carlo
1392 2232 1433 2274 di
1470 2232 1620 2286 Napoli
1642 2260 1653 2272 .
1687 2234 1733 2273 In
1767 2233 1899 2273 Roma
1938 2228 2059 2270 1686.

1161 2303 1195 2328 m
1215 2301 1252 2340 4

1100 2349 1134 2390 11
1164 2350 1321 2388 Teatro
1348 2346 1616 2390 de'Grandi.
1646 2349 1833 2390 Discorso
1869 2347 2061 2390 Accade-

1159 2407 1277 2447 mico.
1314 2407 1358 2447 In
1380 2410 1510 2449 Roma
1536 2408 1656 2462 1693.
1674 2408 1711 2449 in
1726 2421 1768 2460 4.

496 2553 707 2641 Opera
725 2553 991 2638 absoluta
1012 2603 1031 2640 ,
1067 2556 1145 2628 δὲ)
1172 2556 1428 2623 nondum
1459 2552 1647 2622 edita.

178 2712 377 2752 Acrarum
418 2711 639 2765 Imaginum
667 2716 788 2755 Anno
834 2714 954 2762 1689.
986 2730 1051 2756 re-

192 2779 396 2823 pertarum
429 2771 649 2825 explicatio
680 2802 691 2823 ,
725 2773 836 2828 cujus
871 2773 1051 2814 0003110-

465 2830 697 2872 δειηᾶἰῖΐιωί
735 2831 943 2874 Pontificis
978 2834 1051 2873 Vi-

150 2843 200 2868 ne
243 2828 419 2869 Formosi

150 2898 190 2927 ta
226 2901 275 2927 ex
315 2887 436 2927 variis
469 2889 714 2932 Auctoribus
750 2889 855 2933 110νᾶ
888 2892 1050 2933 metho-

150 2944 205 2986 do
220 2944 275 2986 est
291 2946 557 2987 concinnata.

91 3005 211 3048 Horae
245 3003 438 3045 Geniales
475 3033 489 3055 ‚
533 3003 613 3046 five
651 3007 903 3064 Conjet‘turae
934 3013 1055 3052 Cam·

154 3062 308 3118 penses.

95 3119 206 3165 Dell'
223 3120 458 3165 Istituzione
519 3121 584 3165 de’

151 3184 309 3234 Speron
324 3178 443 3221 d'oro
458 3209 468 3220 .

94 3241 268 3283 Lettera
300 3238 322 3279 ὲ
354 3238 584 3293 Monfignor
618 3243 799 3283 Nicolini
834 3244 1053 3298 Vicelega-

152 3308 196 3341 to
223 3296 264 3339 d'
287 3297 502 3351 Avignone
529 3327 542 3349 2
587 3300 651 3342 col
683 3301 852 3345 distinto
885 3316 1055 3359 raggua-

646 3126 878 3180 Cavaglieri
941 3126 1053 3170 dello

1161 2715 1244 2768 glio
1277 2714 1342 2755 de’
1367 2713 1524 2757 succeffi
1565 2714 1671 2755 nella
1704 2710 1848 2768 ripulsa
1880 2712 1956 2754 alla
1990 2711 2062 2751 Di-

1159 2774 1268 2827 gnitei
1299 2774 1604 2823 Cardinalizia,
1635 2771 1733 2813 farta
1755 2770 2063 2826 dagl'Emmen-

1160 2832 1288 2874 tissimi
1309 2832 1470 2886 Signori
1487 2831 1697 2873 Cardinali
1737 2829 1836 2883 Taja
1853 2845 1904 2879 ‚e
1920 2827 2062 2870 Ricci.

1102 2894 1225 2933 Sacra
1258 2893 1390 2931 Romae
1422 2891 1591 2945 Legatio
1624 2888 1823 2930 illustriss.
1845 2903 1889 2928 ac
1917 2885 2062 2929 Excel-

1161 2948 1312 2991 lentiss.
1349 2953 1399 2989 D.
1424 2949 1588 3004 Joannis
1622 2948 1751 2989 Landi
1786 2962 1858 3002 pro
1887 2944 2066 2988 Canoni-

1164 3008 1322 3050 zatione
1381 3008 1511 3049 §aneti
1562 3006 1772 3048 Laurentii
1819 3003 2022 3062 Jusliniani
2052 3032 2065 3053 ‚

1165 3067 1244 3109 sive
1306 3066 1439 3107 brevis
1500 3066 1702 3107 Historica
1772 3062 2064 3107 Emoniia-stica

1165 3126 1369 3166 narratio.

1105 3182 1330 3226 Familiaris
1372 3183 1549 3237 Epistola
1581 3183 1629 3225 ad
1666 3181 1956 3224 Reverendiss.
1989 3183 2065 3221 Pa-

1166 3255 1271 3284 trem
1307 3246 1354 3283 D.
1387 3243 1649 3285 Benediaum
1679 3242 1921 3284 Bacchinum
1946 3268 1958 3289 3
1987 3242 2064 3279 &c-

1168 3302 1204 3343 in
1234 3315 1310 3357 qua
1340 3315 1442 3342 nova
1481 3302 1661 3357 quaedam
1702 3298 1961 3354 Philosophia
1993 3295 2065 3337 de-

1894 3370 2008 3402 mon-
