<?xml version="1.0" encoding="UTF-8"?>
<!DOCTYPE html PUBLIC "-//W3C//DTD XHTML 1.0 Transitional//EN"
    "http://www.w3.org/TR/xhtml1/DTD/xhtml1-transitional.dtd">
<html xmlns="http://www.w3.org/1999/xhtml" xml:lang="en" lang="en">
 <head>
  <title>
</title>
<meta http-equiv="Content-Type" content="text/html;charset=utf-8" />
  <meta name='ocr-system' content='tesseract 3.04.00' />
  <meta name='ocr-capabilities' content='ocr_page ocr_carea ocr_par ocr_line ocrx_word'/>
</head>
<body>
  <div class='ocr_page' id='page_1' title='image "./desacrisaedifici00ciam_0183.png"; bbox 0 0 2331 3585; ppageno 0'>
   <div class='ocr_carea' id='block_1_1' title="bbox 749 166 1263 219">
    <p class='ocr_par' dir='ltr' id='par_1_1' title="bbox 749 166 1263 219">
     <span class='ocr_line' id='line_1_1' title="bbox 749 166 1263 219; baseline 0.004 -3"><span class='ocrx_word' id='word_1_1' title='bbox 749 166 1263 219; x_wconf 80' lang='lat' dir='ltr'><strong><em>CAPUT</em></strong></span> 
     </span>
    </p>
   </div>
   <div class='ocr_carea' id='block_1_2' title="bbox 1387 165 2030 234">
    <p class='ocr_par' dir='ltr' id='par_1_2' title="bbox 1387 165 2030 234">
     <span class='ocr_line' id='line_1_2' title="bbox 1387 165 2030 234; baseline 0.003 -17"><span class='ocrx_word' id='word_1_2' title='bbox 1387 165 1482 217; x_wconf 88' lang='lat' dir='ltr'>VI.</span> <span class='ocrx_word' id='word_1_3' title='bbox 1935 190 2030 234; x_wconf 85' lang='lat'>115</span> 
     </span>
    </p>
   </div>
   <div class='ocr_carea' id='block_1_3' title="bbox 112 252 2105 321">
    <p class='ocr_par' dir='ltr' id='par_1_3' title="bbox 112 252 2105 321">
     <span class='ocr_line' id='line_1_3' title="bbox 112 252 2105 321; baseline -0.002 -13"><span class='ocrx_word' id='word_1_4' title='bbox 112 259 271 308; x_wconf 85' lang='lat' dir='ltr'>eodem</span> <span class='ocrx_word' id='word_1_5' title='bbox 290 258 335 304; x_wconf 91' lang='lat' dir='ltr'>in</span> <span class='ocrx_word' id='word_1_6' title='bbox 357 273 465 303; x_wconf 89' lang='lat' dir='ltr'>arcu</span> <span class='ocrx_word' id='word_1_7' title='bbox 488 253 578 317; x_wconf 70' lang='lat' dir='ltr'>due</span> <span class='ocrx_word' id='word_1_8' title='bbox 604 252 937 319; x_wconf 79' lang='lat' dir='ltr'>conspiciantur</span> <span class='ocrx_word' id='word_1_9' title='bbox 959 252 1110 303; x_wconf 77' lang='lat' dir='ltr'>fene-A</span> <span class='ocrx_word' id='word_1_10' title='bbox 1129 253 1225 301; x_wconf 88' lang='lat' dir='ltr'>sens</span> <span class='ocrx_word' id='word_1_11' title='bbox 1260 268 1509 302; x_wconf 87' lang='lat' dir='ltr'>cernuntur</span> <span class='ocrx_word' id='word_1_12' title='bbox 1539 255 1750 303; x_wconf 86' lang='lat' dir='ltr'>ambones</span> <span class='ocrx_word' id='word_1_13' title='bbox 1771 292 1780 302; x_wconf 96' lang='lat'><strong><em>.</em></strong></span> <span class='ocrx_word' id='word_1_14' title='bbox 1821 256 1965 321; x_wconf 76' lang='lat' dir='ltr'>Qod</span> <span class='ocrx_word' id='word_1_15' title='bbox 2002 261 2105 307; x_wconf 58' lang='lat' dir='ltr'>Ha«</span> 
     </span>
    </p>
   </div>
   <div class='ocr_carea' id='block_1_4' title="bbox 106 323 1079 1031">
    <p class='ocr_par' dir='ltr' id='par_1_4' title="bbox 106 323 1079 1031">
     <span class='ocr_line' id='line_1_4' title="bbox 106 323 1075 394; baseline -0.005 -15"><span class='ocrx_word' id='word_1_16' title='bbox 106 329 204 379; x_wconf 84' lang='lat' dir='ltr'>strae</span> <span class='ocrx_word' id='word_1_17' title='bbox 221 364 235 386; x_wconf 95' lang='lat'>,</span> <span class='ocrx_word' id='word_1_18' title='bbox 265 346 359 394; x_wconf 83' lang='lat' dir='ltr'>quae</span> <span class='ocrx_word' id='word_1_19' title='bbox 392 323 621 374; x_wconf 74' lang='lat' dir='ltr'>mufivum</span> <span class='ocrx_word' id='word_1_20' title='bbox 638 325 913 372; x_wconf 65' lang='lat' dir='ltr'>mutilarunt</span> <span class='ocrx_word' id='word_1_21' title='bbox 933 343 1075 392; x_wconf 89' lang='lat' dir='ltr'>opus,</span> 
     </span>
     <span class='ocr_line' id='line_1_5' title="bbox 111 395 1077 464; baseline -0.004 -15"><span class='ocrx_word' id='word_1_22' title='bbox 111 399 394 464; x_wconf 88' lang='lat' dir='ltr'>ejusdemque</span> <span class='ocrx_word' id='word_1_23' title='bbox 411 395 738 463; x_wconf 79' lang='lat' dir='ltr'>magnitudinis</span> <span class='ocrx_word' id='word_1_24' title='bbox 754 430 769 451; x_wconf 96' lang='lat'>,</span> <span class='ocrx_word' id='word_1_25' title='bbox 798 413 848 442; x_wconf 87' lang='lat' dir='ltr'>ac</span> <span class='ocrx_word' id='word_1_26' title='bbox 868 398 951 458; x_wconf 65' lang='lat' dir='ltr'>alie</span> <span class='ocrx_word' id='word_1_27' title='bbox 970 398 1077 445; x_wconf 87' lang='lat' dir='ltr'>late-</span> 
     </span>
     <span class='ocr_line' id='line_1_6' title="bbox 111 467 1075 536; baseline -0.004 -16"><span class='ocrx_word' id='word_1_28' title='bbox 111 473 223 520; x_wconf 85' lang='lat' dir='ltr'>rales</span> <span class='ocrx_word' id='word_1_29' title='bbox 237 481 505 536; x_wconf 78' lang='lat' dir='ltr'>appareant,</span> <span class='ocrx_word' id='word_1_30' title='bbox 530 467 666 515; x_wconf 87' lang='lat' dir='ltr'>etiam</span> <span class='ocrx_word' id='word_1_31' title='bbox 685 467 844 527; x_wconf 23' lang='lat' dir='ltr'>conj-ici</span> <span class='ocrx_word' id='word_1_32' title='bbox 863 468 983 514; x_wconf 91' lang='lat' dir='ltr'>valet</span> <span class='ocrx_word' id='word_1_33' title='bbox 1000 486 1075 516; x_wconf 87' lang='lat' dir='ltr'>eo-</span> 
     </span>
     <span class='ocr_line' id='line_1_7' title="bbox 112 533 1078 604; baseline -0.003 -14"><span class='ocrx_word' id='word_1_34' title='bbox 112 542 216 590; x_wconf 88' lang='lat' dir='ltr'>dem</span> <span class='ocrx_word' id='word_1_35' title='bbox 231 555 433 604; x_wconf 89' lang='lat' dir='ltr'>tempore</span> <span class='ocrx_word' id='word_1_36' title='bbox 452 573 467 594; x_wconf 95' lang='lat'>,</span> <span class='ocrx_word' id='word_1_37' title='bbox 490 554 583 604; x_wconf 92' lang='lat' dir='ltr'>quo</span> <span class='ocrx_word' id='word_1_38' title='bbox 605 538 810 585; x_wconf 80' lang='lat' dir='ltr'>laterales</span> <span class='ocrx_word' id='word_1_39' title='bbox 828 533 954 585; x_wconf 66' lang='lat' dir='ltr'>fuere</span> <span class='ocrx_word' id='word_1_40' title='bbox 971 556 1078 587; x_wconf 90' lang='lat' dir='ltr'>con-</span> 
     </span>
     <span class='ocr_line' id='line_1_8' title="bbox 110 604 1079 674; baseline -0.003 -13"><span class='ocrx_word' id='word_1_41' title='bbox 110 610 287 661; x_wconf 67' lang='lat' dir='ltr'>strustae</span> <span class='ocrx_word' id='word_1_42' title='bbox 318 643 333 665; x_wconf 89' lang='lat'>,</span> <span class='ocrx_word' id='word_1_43' title='bbox 369 606 596 672; x_wconf 64' lang='lat' dir='ltr'>edificatas</span> <span class='ocrx_word' id='word_1_44' title='bbox 624 604 749 655; x_wconf 79' lang='lat' dir='ltr'>fuisse</span> <span class='ocrx_word' id='word_1_45' title='bbox 768 643 783 664; x_wconf 90' lang='lat'>,</span> <span class='ocrx_word' id='word_1_46' title='bbox 815 623 947 674; x_wconf 87' lang='lat' dir='ltr'>atque</span> <span class='ocrx_word' id='word_1_47' title='bbox 976 609 1079 659; x_wconf 90' lang='lat' dir='ltr'>ideo</span> 
     </span>
     <span class='ocr_line' id='line_1_9' title="bbox 113 676 1077 746; baseline -0.002 -17"><span class='ocrx_word' id='word_1_48' title='bbox 113 679 400 732; x_wconf 86' lang='lat' dir='ltr'>Constantini</span> <span class='ocrx_word' id='word_1_49' title='bbox 425 696 512 742; x_wconf 69' lang='lat' dir='ltr'>evo</span> <span class='ocrx_word' id='word_1_50' title='bbox 533 676 801 746; x_wconf 87' lang='lat' dir='ltr'>posteriores</span> <span class='ocrx_word' id='word_1_51' title='bbox 818 714 833 735; x_wconf 92' lang='lat'>,</span> <span class='ocrx_word' id='word_1_52' title='bbox 867 678 973 726; x_wconf 74' lang='lat' dir='ltr'>cum</span> <span class='ocrx_word' id='word_1_53' title='bbox 1001 681 1077 729; x_wconf 90' lang='lat' dir='ltr'>ad-</span> 
     </span>
     <span class='ocr_line' id='line_1_10' title="bbox 112 748 1076 816; baseline -0.001 -15"><span class='ocrx_word' id='word_1_54' title='bbox 112 751 306 801; x_wconf 87' lang='lat' dir='ltr'>modum</span> <span class='ocrx_word' id='word_1_55' title='bbox 339 768 488 816; x_wconf 84' lang='lat' dir='ltr'>parvae</span> <span class='ocrx_word' id='word_1_56' title='bbox 519 749 604 797; x_wconf 87' lang='lat' dir='ltr'>fint</span> <span class='ocrx_word' id='word_1_57' title='bbox 625 785 640 806; x_wconf 89' lang='lat'>,</span> <span class='ocrx_word' id='word_1_58' title='bbox 670 763 723 798; x_wconf 92' lang='lat' dir='ltr'>ut</span> <span class='ocrx_word' id='word_1_59' title='bbox 754 748 1076 800; x_wconf 81' lang='lat' dir='ltr'>demonstravi-</span> 
     </span>
     <span class='ocr_line' id='line_1_11' title="bbox 112 820 1074 886; baseline 0.001 -15"><span class='ocrx_word' id='word_1_60' title='bbox 112 842 216 871; x_wconf 87' lang='lat' dir='ltr'>mus</span> <span class='ocrx_word' id='word_1_61' title='bbox 235 820 393 869; x_wconf 90' lang='lat' dir='ltr'>eodem</span> <span class='ocrx_word' id='word_1_62' title='bbox 412 823 456 868; x_wconf 91' lang='lat' dir='ltr'>in</span> <span class='ocrx_word' id='word_1_63' title='bbox 474 837 608 886; x_wconf 88' lang='lat' dir='ltr'>opere</span> <span class='ocrx_word' id='word_1_64' title='bbox 634 820 687 867; x_wconf 89' lang='lat' dir='ltr'>de</span> <span class='ocrx_word' id='word_1_65' title='bbox 710 834 854 868; x_wconf 86' lang='lat' dir='ltr'>veter.</span> <span class='ocrx_word' id='word_1_66' title='bbox 872 823 1074 871; x_wconf 86' lang='lat' dir='ltr'>Monim.</span> 
     </span>
     <span class='ocr_line' id='line_1_12' title="bbox 112 889 1074 962; baseline 0 -20"><span class='ocrx_word' id='word_1_67' title='bbox 112 908 228 962; x_wconf 90' lang='lat' dir='ltr'>part.</span> <span class='ocrx_word' id='word_1_68' title='bbox 253 913 293 940; x_wconf 91' lang='lat'>1.</span> <span class='ocrx_word' id='word_1_69' title='bbox 314 909 464 958; x_wconf 85' lang='lat' dir='ltr'>cap.9.</span> <span class='ocrx_word' id='word_1_70' title='bbox 486 894 703 940; x_wconf 80' lang='lat' dir='ltr'>Praeterea</span> <span class='ocrx_word' id='word_1_71' title='bbox 723 889 830 938; x_wconf 75' lang='lat' dir='ltr'>cum</span> <span class='ocrx_word' id='word_1_72' title='bbox 844 889 1074 942; x_wconf 79' lang='lat' dir='ltr'>musivum</span> 
     </span>
     <span class='ocr_line' id='line_1_13' title="bbox 115 958 1076 1031; baseline 0 -18"><span class='ocrx_word' id='word_1_73' title='bbox 115 982 229 1031; x_wconf 89' lang='lat' dir='ltr'>opus</span> <span class='ocrx_word' id='word_1_74' title='bbox 251 959 447 1011; x_wconf 86' lang='lat' dir='ltr'>abfidam</span> <span class='ocrx_word' id='word_1_75' title='bbox 469 958 701 1027; x_wconf 81' lang='lat' dir='ltr'>respiciat,</span> <span class='ocrx_word' id='word_1_76' title='bbox 718 960 819 1008; x_wconf 87' lang='lat' dir='ltr'>ideo</span> <span class='ocrx_word' id='word_1_77' title='bbox 836 976 937 1009; x_wconf 86' lang='lat' dir='ltr'>ante</span> <span class='ocrx_word' id='word_1_78' title='bbox 954 964 1076 1013; x_wconf 88' lang='lat' dir='ltr'>illius</span> 
     </span>
    </p>
   </div>
   <div class='ocr_carea' id='block_1_5' title="bbox 113 1020 1109 1101">
    <p class='ocr_par' dir='ltr' id='par_1_5' title="bbox 113 1020 1109 1101">
     <span class='ocr_line' id='line_1_14' title="bbox 113 1020 1109 1101; baseline -0.002 -19"><span class='ocrx_word' id='word_1_79' title='bbox 113 1040 335 1096; x_wconf 87' lang='lat' dir='ltr'>majorem</span> <span class='ocrx_word' id='word_1_80' title='bbox 372 1029 499 1079; x_wconf 75' lang='lat' dir='ltr'>fuisse</span> <span class='ocrx_word' id='word_1_81' title='bbox 528 1036 715 1093; x_wconf 89' lang='lat' dir='ltr'>januam</span> <span class='ocrx_word' id='word_1_82' title='bbox 749 1035 988 1101; x_wconf 80' lang='lat' dir='ltr'>arguitur,</span> <span class='ocrx_word' id='word_1_83' title='bbox 1027 1020 1109 1084; x_wconf 74' lang='lat' dir='ltr'>utE</span> 
     </span>
    </p>
   </div>
   <div class='ocr_carea' id='block_1_6' title="bbox 111 1099 1080 1721">
    <p class='ocr_par' dir='ltr' id='par_1_6' title="bbox 111 1099 1080 1721">
     <span class='ocr_line' id='line_1_15' title="bbox 114 1099 1076 1170; baseline 0.002 -18"><span class='ocrx_word' id='word_1_84' title='bbox 114 1104 326 1152; x_wconf 87' lang='lat' dir='ltr'>omnibus</span> <span class='ocrx_word' id='word_1_85' title='bbox 354 1104 397 1149; x_wconf 90' lang='lat' dir='ltr'>in</span> <span class='ocrx_word' id='word_1_86' title='bbox 426 1099 631 1150; x_wconf 85' lang='lat' dir='ltr'>Bafilicis.</span> <span class='ocrx_word' id='word_1_87' title='bbox 651 1101 880 1154; x_wconf 85' lang='lat' dir='ltr'>observari</span> <span class='ocrx_word' id='word_1_88' title='bbox 900 1104 1043 1170; x_wconf 90' lang='lat' dir='ltr'>potest</span> <span class='ocrx_word' id='word_1_89' title='bbox 1061 1143 1076 1164; x_wconf 93' lang='lat'>,</span> 
     </span>
     <span class='ocr_line' id='line_1_16' title="bbox 117 1172 1079 1243; baseline 0.002 -20"><span class='ocrx_word' id='word_1_90' title='bbox 117 1175 192 1223; x_wconf 90' lang='lat' dir='ltr'>ubi</span> <span class='ocrx_word' id='word_1_91' title='bbox 225 1173 378 1222; x_wconf 87' lang='lat' dir='ltr'>statim</span> <span class='ocrx_word' id='word_1_92' title='bbox 404 1172 760 1240; x_wconf 83' lang='lat' dir='ltr'>ingredientibus</span> <span class='ocrx_word' id='word_1_93' title='bbox 780 1172 955 1222; x_wconf 79' lang='lat' dir='ltr'>musiva</span> <span class='ocrx_word' id='word_1_94' title='bbox 975 1193 1079 1243; x_wconf 90' lang='lat' dir='ltr'>ope-</span> 
     </span>
     <span class='ocr_line' id='line_1_17' title="bbox 114 1242 1078 1312; baseline 0.002 -18"><span class='ocrx_word' id='word_1_95' title='bbox 114 1264 164 1294; x_wconf 83' lang='lat' dir='ltr'>ra</span> <span class='ocrx_word' id='word_1_96' title='bbox 189 1243 427 1311; x_wconf 47' lang='lat' dir='ltr'>{petunda</span> <span class='ocrx_word' id='word_1_97' title='bbox 456 1242 497 1291; x_wconf 88' lang='lat' dir='ltr'>se</span> <span class='ocrx_word' id='word_1_98' title='bbox 528 1244 749 1308; x_wconf 80' lang='lat' dir='ltr'>praebent.</span> <span class='ocrx_word' id='word_1_99' title='bbox 769 1246 817 1293; x_wconf 89' lang='lat' dir='ltr'>Si</span> <span class='ocrx_word' id='word_1_100' title='bbox 845 1246 988 1312; x_wconf 85' lang='lat' dir='ltr'>igitur</span> <span class='ocrx_word' id='word_1_101' title='bbox 1013 1253 1078 1310; x_wconf 88' lang='lat' dir='ltr'>ja-</span> 
     </span>
     <span class='ocr_line' id='line_1_18' title="bbox 113 1314 1080 1383; baseline 0.002 -19"><span class='ocrx_word' id='word_1_102' title='bbox 113 1335 202 1364; x_wconf 90' lang='lat' dir='ltr'>nua</span> <span class='ocrx_word' id='word_1_103' title='bbox 219 1317 266 1364; x_wconf 89' lang='lat' dir='ltr'>in</span> <span class='ocrx_word' id='word_1_104' title='bbox 283 1332 413 1362; x_wconf 89' lang='lat' dir='ltr'>arcus</span> <span class='ocrx_word' id='word_1_105' title='bbox 430 1314 672 1382; x_wconf 62' lang='lat' dir='ltr'>conspectu</span> <span class='ocrx_word' id='word_1_106' title='bbox 689 1329 784 1363; x_wconf 90' lang='lat' dir='ltr'>erat</span> <span class='ocrx_word' id='word_1_107' title='bbox 798 1350 813 1371; x_wconf 90' lang='lat'>,</span> <span class='ocrx_word' id='word_1_108' title='bbox 843 1316 1080 1383; x_wconf 87' lang='lat' dir='ltr'>Presbyte-</span> 
     </span>
     <span class='ocr_line' id='line_1_19' title="bbox 113 1383 1079 1451; baseline 0.003 -17"><span class='ocrx_word' id='word_1_109' title='bbox 113 1389 168 1434; x_wconf 84' lang='lat' dir='ltr'>rii</span> <span class='ocrx_word' id='word_1_110' title='bbox 187 1384 463 1434; x_wconf 63' lang='lat' dir='ltr'>constructio</span> <span class='ocrx_word' id='word_1_111' title='bbox 477 1421 491 1441; x_wconf 90' lang='lat'>,</span> <span class='ocrx_word' id='word_1_112' title='bbox 511 1404 606 1451; x_wconf 84' lang='lat' dir='ltr'>quae</span> <span class='ocrx_word' id='word_1_113' title='bbox 624 1404 743 1433; x_wconf 89' lang='lat' dir='ltr'>nunc</span> <span class='ocrx_word' id='word_1_114' title='bbox 762 1383 939 1444; x_wconf 87' lang='lat' dir='ltr'>vifitur,</span> <span class='ocrx_word' id='word_1_115' title='bbox 957 1390 1079 1437; x_wconf 88' lang='lat' dir='ltr'>Pela-</span> 
     </span>
     <span class='ocr_line' id='line_1_20' title="bbox 115 1454 1079 1526; baseline 0.003 -21"><span class='ocrx_word' id='word_1_116' title='bbox 115 1460 180 1526; x_wconf 83' lang='lat' dir='ltr'>gii</span> <span class='ocrx_word' id='word_1_117' title='bbox 197 1455 384 1505; x_wconf 74' lang='lat' dir='ltr'>minime</span> <span class='ocrx_word' id='word_1_118' title='bbox 401 1456 489 1512; x_wconf 86' lang='lat' dir='ltr'>est,</span> <span class='ocrx_word' id='word_1_119' title='bbox 508 1456 614 1504; x_wconf 74' lang='lat' dir='ltr'>cum</span> <span class='ocrx_word' id='word_1_120' title='bbox 635 1471 734 1504; x_wconf 89' lang='lat' dir='ltr'>ante</span> <span class='ocrx_word' id='word_1_121' title='bbox 754 1454 992 1522; x_wconf 85' lang='lat' dir='ltr'>praefatum</span> <span class='ocrx_word' id='word_1_122' title='bbox 1011 1479 1079 1508; x_wconf 89' lang='lat' dir='ltr'>ar-</span> 
     </span>
     <span class='ocr_line' id='line_1_21' title="bbox 114 1524 1080 1592; baseline 0.003 -16"><span class='ocrx_word' id='word_1_123' title='bbox 114 1546 222 1576; x_wconf 90' lang='lat' dir='ltr'>cum</span> <span class='ocrx_word' id='word_1_124' title='bbox 240 1525 350 1575; x_wconf 79' lang='lat' dir='ltr'>absis</span> <span class='ocrx_word' id='word_1_125' title='bbox 371 1524 453 1583; x_wconf 76' lang='lat' dir='ltr'>sit,</span> <span class='ocrx_word' id='word_1_126' title='bbox 473 1542 607 1592; x_wconf 87' lang='lat' dir='ltr'>atque</span> <span class='ocrx_word' id='word_1_127' title='bbox 626 1527 728 1575; x_wconf 91' lang='lat' dir='ltr'>ideo</span> <span class='ocrx_word' id='word_1_128' title='bbox 744 1532 932 1588; x_wconf 88' lang='lat' dir='ltr'>januam</span> <span class='ocrx_word' id='word_1_129' title='bbox 951 1530 976 1576; x_wconf 69' lang='lat' dir='ltr'>a</span> <span class='ocrx_word' id='word_1_130' title='bbox 994 1545 1080 1579; x_wconf 92' lang='lat' dir='ltr'>ter-</span> 
     </span>
     <span class='ocr_line' id='line_1_22' title="bbox 113 1594 1078 1667; baseline 0.004 -20"><span class='ocrx_word' id='word_1_131' title='bbox 113 1616 174 1667; x_wconf 83' lang='lat' dir='ltr'>go</span> <span class='ocrx_word' id='word_1_132' title='bbox 209 1596 369 1646; x_wconf 80' lang='lat' dir='ltr'>absidis</span> <span class='ocrx_word' id='word_1_133' title='bbox 399 1594 522 1645; x_wconf 78' lang='lat' dir='ltr'>fuiffe</span> <span class='ocrx_word' id='word_1_134' title='bbox 549 1596 730 1664; x_wconf 86' lang='lat' dir='ltr'>prorsus</span> <span class='ocrx_word' id='word_1_135' title='bbox 751 1598 1078 1651; x_wconf 59' lang='lat' dir='ltr'>inverisimile&gt;</span> 
     </span>
     <span class='ocr_line' id='line_1_23' title="bbox 111 1669 1080 1721; baseline 0.003 -4"><span class='ocrx_word' id='word_1_136' title='bbox 111 1669 205 1718; x_wconf 84' lang='lat' dir='ltr'>est.</span> <span class='ocrx_word' id='word_1_137' title='bbox 237 1672 359 1717; x_wconf 87' lang='lat' dir='ltr'>Item</span> <span class='ocrx_word' id='word_1_138' title='bbox 386 1669 666 1717; x_wconf 81' lang='lat' dir='ltr'>collaterales</span> <span class='ocrx_word' id='word_1_139' title='bbox 700 1671 822 1716; x_wconf 89' lang='lat' dir='ltr'>muri</span> <span class='ocrx_word' id='word_1_140' title='bbox 853 1673 1080 1721; x_wconf 87' lang='lat' dir='ltr'>alternato</span> 
     </span>
    </p>
   </div>
   <div class='ocr_carea' id='block_1_7' title="bbox 1125 322 2111 940">
    <p class='ocr_par' dir='ltr' id='par_1_7' title="bbox 1125 322 2111 940">
     <span class='ocr_line' id='line_1_24' title="bbox 1126 322 2103 394; baseline 0.003 -22"><span class='ocrx_word' id='word_1_141' title='bbox 1126 324 1309 373; x_wconf 85' lang='lat' dir='ltr'>drianus</span> <span class='ocrx_word' id='word_1_142' title='bbox 1353 322 1592 375; x_wconf 69' lang='lat' dir='ltr'>Basilicam</span> <span class='ocrx_word' id='word_1_143' title='bbox 1636 328 1680 372; x_wconf 88' lang='lat' dir='ltr'>in</span> <span class='ocrx_word' id='word_1_144' title='bbox 1719 327 1831 372; x_wconf 86' lang='lat' dir='ltr'>hanc</span> <span class='ocrx_word' id='word_1_145' title='bbox 1878 327 2103 394; x_wconf 83' lang='lat' dir='ltr'>redegerit</span> 
     </span>
     <span class='ocr_line' id='line_1_25' title="bbox 1127 393 2103 445; baseline 0.001 -2"><span class='ocrx_word' id='word_1_146' title='bbox 1127 393 1327 443; x_wconf 85' lang='lat' dir='ltr'>formam</span> <span class='ocrx_word' id='word_1_147' title='bbox 1364 413 1417 443; x_wconf 83' lang='lat' dir='ltr'>ex</span> <span class='ocrx_word' id='word_1_148' title='bbox 1455 395 1640 443; x_wconf 85' lang='lat' dir='ltr'>laudato</span> <span class='ocrx_word' id='word_1_149' title='bbox 1686 394 1936 444; x_wconf 80' lang='lat' dir='ltr'>Pontificali</span> <span class='ocrx_word' id='word_1_150' title='bbox 1984 397 2103 445; x_wconf 87' lang='lat' dir='ltr'>libro</span> 
     </span>
     <span class='ocr_line' id='line_1_26' title="bbox 1126 465 2102 530; baseline -0.001 -16"><span class='ocrx_word' id='word_1_151' title='bbox 1126 465 1368 516; x_wconf 77' lang='lat' dir='ltr'>deducitur</span> <span class='ocrx_word' id='word_1_152' title='bbox 1395 501 1408 521; x_wconf 92' lang='lat'>,</span> <span class='ocrx_word' id='word_1_153' title='bbox 1455 465 1566 513; x_wconf 89' lang='lat' dir='ltr'>ubi:</span> <span class='ocrx_word' id='word_1_154' title='bbox 1621 465 1705 513; x_wconf 76' lang='lat' dir='ltr'>H}c</span> <span class='ocrx_word' id='word_1_155' title='bbox 1734 466 1935 530; x_wconf 60' lang='lat' dir='ltr'>almificus</span> <span class='ocrx_word' id='word_1_156' title='bbox 1977 468 2102 515; x_wconf 63' lang='lat' dir='ltr'>Pater</span> 
     </span>
     <span class='ocr_line' id='line_1_27' title="bbox 1126 535 2103 603; baseline 0 -19"><span class='ocrx_word' id='word_1_157' title='bbox 1126 543 1320 603; x_wconf 87' lang='lat' dir='ltr'>(nempe</span> <span class='ocrx_word' id='word_1_158' title='bbox 1344 535 1642 594; x_wconf 84' lang='lat' dir='ltr'>Hadrianus)</span> <span class='ocrx_word' id='word_1_159' title='bbox 1674 537 1834 583; x_wconf 78' lang='lat' dir='ltr'>eandem</span> <span class='ocrx_word' id='word_1_160' title='bbox 1866 535 2103 603; x_wconf 70' lang='lat' dir='ltr'>‘Bczstlicam</span> 
     </span>
     <span class='ocr_line' id='line_1_28' title="bbox 1128 605 2100 673; baseline 0.001 -20"><span class='ocrx_word' id='word_1_161' title='bbox 1128 607 1174 655; x_wconf 81' lang='lat' dir='ltr'>S.</span> <span class='ocrx_word' id='word_1_162' title='bbox 1197 607 1420 654; x_wconf 67' lang='lat' dir='ltr'>Laurentii</span> <span class='ocrx_word' id='word_1_163' title='bbox 1440 605 1661 670; x_wconf 59' lang='lat' dir='ltr'>Martyris</span> <span class='ocrx_word' id='word_1_164' title='bbox 1680 644 1694 664; x_wconf 96' lang='lat'>,</span> <span class='ocrx_word' id='word_1_165' title='bbox 1726 606 1796 653; x_wconf 76' lang='lat' dir='ltr'>ubi</span> <span class='ocrx_word' id='word_1_166' title='bbox 1815 607 1937 673; x_wconf 68' lang='lat' dir='ltr'>filum</span> <span class='ocrx_word' id='word_1_167' title='bbox 1959 623 2100 672; x_wconf 79' lang='lat' dir='ltr'>corpus</span> 
     </span>
     <span class='ocr_line' id='line_1_29' title="bbox 1126 676 2105 745; baseline 0.002 -20"><span class='ocrx_word' id='word_1_168' title='bbox 1126 678 1344 745; x_wconf 64' lang='lat' dir='ltr'>requig’fiic</span> <span class='ocrx_word' id='word_1_169' title='bbox 1371 712 1385 734; x_wconf 91' lang='lat'>,</span> <span class='ocrx_word' id='word_1_170' title='bbox 1428 695 1631 725; x_wconf 76' lang='lat' dir='ltr'>annexum</span> <span class='ocrx_word' id='word_1_171' title='bbox 1662 676 1864 744; x_wconf 74' lang='lat' dir='ltr'>‘B.3stlicae</span> <span class='ocrx_word' id='word_1_172' title='bbox 1910 676 2041 735; x_wconf 84' lang='lat' dir='ltr'>MA]</span> <span class='ocrx_word' id='word_1_173' title='bbox 2046 680 2105 727; x_wconf 83' lang='grc' dir='ltr'>Ο-</span> 
     </span>
     <span class='ocr_line' id='line_1_30' title="bbox 1128 748 2102 816; baseline -0.003 -18"><span class='ocrx_word' id='word_1_174' title='bbox 1128 748 1208 798; x_wconf 82' lang='lat' dir='ltr'>RI</span> <span class='ocrx_word' id='word_1_175' title='bbox 1232 785 1247 805; x_wconf 91' lang='lat'>,</span> <span class='ocrx_word' id='word_1_176' title='bbox 1289 766 1373 816; x_wconf 77' lang='lat' dir='ltr'>quae</span> <span class='ocrx_word' id='word_1_177' title='bbox 1412 749 1561 797; x_wconf 72' lang='lat' dir='ltr'><em>dudum</em></span> <span class='ocrx_word' id='word_1_178' title='bbox 1589 751 1697 797; x_wconf 79' lang='lat' dir='ltr'>idem</span> <span class='ocrx_word' id='word_1_179' title='bbox 1736 749 1891 814; x_wconf 75' lang='lat' dir='ltr'>Praefid</span> <span class='ocrx_word' id='word_1_180' title='bbox 1929 753 2102 815; x_wconf 74' lang='lat' dir='ltr'>constru-</span> 
     </span>
     <span class='ocr_line' id='line_1_31' title="bbox 1125 820 2111 888; baseline 0 -21"><span class='ocrx_word' id='word_1_181' title='bbox 1125 836 1249 867; x_wconf 77' lang='lat' dir='ltr'>xeras</span> <span class='ocrx_word' id='word_1_182' title='bbox 1267 855 1283 878; x_wconf 93' lang='lat'>,</span> <span class='ocrx_word' id='word_1_183' title='bbox 1312 820 1422 867; x_wconf 77' lang='lat' dir='ltr'>ultro</span> <span class='ocrx_word' id='word_1_184' title='bbox 1441 856 1458 878; x_wconf 94' lang='lat'>,</span> <span class='ocrx_word' id='word_1_185' title='bbox 1497 825 1680 888; x_wconf 76' lang='lat' dir='ltr'>citroque</span> <span class='ocrx_word' id='word_1_186' title='bbox 1712 823 1736 867; x_wconf 69' lang='lat' dir='ltr'>c}</span> <span class='ocrx_word' id='word_1_187' title='bbox 1760 839 1873 869; x_wconf 76' lang='lat' dir='ltr'>novo</span> <span class='ocrx_word' id='word_1_188' title='bbox 1908 822 2111 885; x_wconf 54' lang='lat' dir='ltr'>restaura*</span> 
     </span>
     <span class='ocr_line' id='line_1_32' title="bbox 1129 908 1244 940; baseline -0.009 0"><span class='ocrx_word' id='word_1_189' title='bbox 1129 908 1204 940; x_wconf 73' lang='lat' dir='ltr'><em>‘vlt</em></span> <span class='ocrx_word' id='word_1_190' title='bbox 1226 927 1244 939; x_wconf 60' lang='grc' dir='ltr'>ο,</span> 
     </span>
    </p>
   </div>
   <div class='ocr_carea' id='block_1_8' title="bbox 1197 958 2113 1013">
    <p class='ocr_par' dir='ltr' id='par_1_8' title="bbox 1197 958 2113 1013">
     <span class='ocr_line' id='line_1_33' title="bbox 1197 958 2113 1013; baseline -0.002 -2"><span class='ocrx_word' id='word_1_191' title='bbox 1197 963 1287 1011; x_wconf 92' lang='lat' dir='ltr'>His</span> <span class='ocrx_word' id='word_1_192' title='bbox 1314 960 1612 1012; x_wconf 85' lang='lat' dir='ltr'>Pontificibus</span> <span class='ocrx_word' id='word_1_193' title='bbox 1629 962 1870 1013; x_wconf 92' lang='lat' dir='ltr'>Honorius</span> <span class='ocrx_word' id='word_1_194' title='bbox 1890 964 1989 1010; x_wconf 85' lang='lat'>111.</span> <span class='ocrx_word' id='word_1_195' title='bbox 2007 958 2113 1009; x_wconf 55' lang='lat' dir='ltr'>suem</span> 
     </span>
    </p>
   </div>
   <div class='ocr_carea' id='block_1_9' title="bbox 1111 1029 2105 1098">
    <p class='ocr_par' dir='ltr' id='par_1_9' title="bbox 1111 1029 2105 1098">
     <span class='ocr_line' id='line_1_34' title="bbox 1111 1029 2105 1098; baseline 0.001 -19"><span class='ocrx_word' id='word_1_196' title='bbox 1111 1031 1283 1090; x_wconf 70' lang='lat' dir='ltr'>cessit,</span> <span class='ocrx_word' id='word_1_197' title='bbox 1322 1037 1399 1098; x_wconf 91' lang='lat' dir='ltr'>qui</span> <span class='ocrx_word' id='word_1_198' title='bbox 1431 1033 1668 1082; x_wconf 80' lang='lat' dir='ltr'>Basilicam</span> <span class='ocrx_word' id='word_1_199' title='bbox 1689 1034 1801 1080; x_wconf 91' lang='lat' dir='ltr'>hanc</span> <span class='ocrx_word' id='word_1_200' title='bbox 1838 1049 1927 1080; x_wconf 92' lang='lat' dir='ltr'>non</span> <span class='ocrx_word' id='word_1_201' title='bbox 1954 1029 2105 1080; x_wconf 75' lang='lat' dir='ltr'>solum</span> 
     </span>
    </p>
   </div>
   <div class='ocr_carea' id='block_1_10' title="bbox 1128 1102 2125 1735">
    <p class='ocr_par' dir='ltr' id='par_1_10' title="bbox 1128 1102 2125 1735">
     <span class='ocr_line' id='line_1_35' title="bbox 1128 1102 2117 1170; baseline 0.003 -20"><span class='ocrx_word' id='word_1_202' title='bbox 1128 1102 1398 1152; x_wconf 88' lang='lat' dir='ltr'>restauravit</span> <span class='ocrx_word' id='word_1_203' title='bbox 1415 1140 1430 1160; x_wconf 91' lang='lat'>,</span> <span class='ocrx_word' id='word_1_204' title='bbox 1461 1105 1631 1155; x_wconf 74' lang='lat' dir='ltr'>verum,</span> <span class='ocrx_word' id='word_1_205' title='bbox 1657 1106 1796 1153; x_wconf 87' lang='lat' dir='ltr'>etiam</span> <span class='ocrx_word' id='word_1_206' title='bbox 1836 1104 2117 1170; x_wconf 65' lang='lat' dir='ltr'>ampliavit,</span> 
     </span>
     <span class='ocr_line' id='line_1_36' title="bbox 1129 1172 2104 1241; baseline 0 -20"><span class='ocrx_word' id='word_1_207' title='bbox 1129 1173 1235 1222; x_wconf 73' lang='lat' dir='ltr'>cum</span> <span class='ocrx_word' id='word_1_208' title='bbox 1254 1174 1663 1241; x_wconf 80' lang='lat' dir='ltr'>amplificationem</span> <span class='ocrx_word' id='word_1_209' title='bbox 1678 1211 1694 1232; x_wconf 95' lang='lat'>,</span> <span class='ocrx_word' id='word_1_210' title='bbox 1712 1172 1789 1222; x_wconf 90' lang='lat' dir='ltr'>seu</span> <span class='ocrx_word' id='word_1_211' title='bbox 1808 1190 2104 1223; x_wconf 78' lang='lat' dir='ltr'>novamcon-</span> 
     </span>
     <span class='ocr_line' id='line_1_37' title="bbox 1128 1244 2107 1313; baseline -0.001 -21"><span class='ocrx_word' id='word_1_212' title='bbox 1128 1244 1422 1294; x_wconf 57' lang='lat' dir='ltr'>structionem</span> <span class='ocrx_word' id='word_1_213' title='bbox 1453 1246 1479 1294; x_wconf 71' lang='lat' dir='ltr'>a</span> <span class='ocrx_word' id='word_1_214' title='bbox 1508 1246 1773 1313; x_wconf 86' lang='lat' dir='ltr'>triumphali</span> <span class='ocrx_word' id='word_1_215' title='bbox 1807 1262 1917 1293; x_wconf 92' lang='lat' dir='ltr'>arcu</span> <span class='ocrx_word' id='word_1_216' title='bbox 1957 1261 2107 1310; x_wconf 83' lang='lat' dir='ltr'>coepe-</span> 
     </span>
     <span class='ocr_line' id='line_1_38' title="bbox 1131 1314 2110 1371; baseline 0 -9"><span class='ocrx_word' id='word_1_217' title='bbox 1131 1318 1190 1363; x_wconf 90' lang='lat' dir='ltr'>rit</span> <span class='ocrx_word' id='word_1_218' title='bbox 1208 1351 1221 1371; x_wconf 87' lang='lat'>,</span> <span class='ocrx_word' id='word_1_219' title='bbox 1242 1314 1289 1365; x_wconf 65' lang='lat' dir='ltr'>&lt;Sc</span> <span class='ocrx_word' id='word_1_220' title='bbox 1304 1315 1545 1365; x_wconf 75' lang='lat' dir='ltr'>aedificium</span> <span class='ocrx_word' id='word_1_221' title='bbox 1565 1314 1718 1365; x_wconf 76' lang='lat' dir='ltr'>versus</span> <span class='ocrx_word' id='word_1_222' title='bbox 1737 1315 1951 1371; x_wconf 84' lang='lat' dir='ltr'>Vrbem,</span> <span class='ocrx_word' id='word_1_223' title='bbox 1983 1314 2110 1363; x_wconf 89' lang='lat' dir='ltr'>vide-</span> 
     </span>
     <span class='ocr_line' id='line_1_39' title="bbox 1131 1385 2108 1435; baseline -0.002 -2"><span class='ocrx_word' id='word_1_224' title='bbox 1131 1387 1236 1434; x_wconf 89' lang='lat' dir='ltr'>licet</span> <span class='ocrx_word' id='word_1_225' title='bbox 1260 1387 1565 1435; x_wconf 87' lang='lat' dir='ltr'>Occidentem</span> <span class='ocrx_word' id='word_1_226' title='bbox 1597 1386 1903 1435; x_wconf 88' lang='lat' dir='ltr'>intenderitin</span> <span class='ocrx_word' id='word_1_227' title='bbox 1922 1399 2010 1432; x_wconf 90' lang='lat' dir='ltr'>tres</span> <span class='ocrx_word' id='word_1_228' title='bbox 2042 1385 2108 1432; x_wconf 88' lang='lat' dir='ltr'>di-</span> 
     </span>
     <span class='ocr_line' id='line_1_40' title="bbox 1130 1455 2110 1524; baseline -0.002 -20"><span class='ocrx_word' id='word_1_229' title='bbox 1130 1455 1341 1506; x_wconf 57' lang='lat' dir='ltr'>stinRum</span> <span class='ocrx_word' id='word_1_230' title='bbox 1367 1477 1502 1506; x_wconf 88' lang='lat' dir='ltr'>naves</span> <span class='ocrx_word' id='word_1_231' title='bbox 1522 1494 1537 1516; x_wconf 95' lang='lat'>,</span> <span class='ocrx_word' id='word_1_232' title='bbox 1570 1477 1667 1523; x_wconf 85' lang='lat' dir='ltr'>quae</span> <span class='ocrx_word' id='word_1_233' title='bbox 1685 1458 1811 1504; x_wconf 81' lang='lat' dir='ltr'>mirae</span> <span class='ocrx_word' id='word_1_234' title='bbox 1835 1455 2110 1524; x_wconf 84' lang='lat' dir='ltr'>magnitudi-</span> 
     </span>
     <span class='ocr_line' id='line_1_41' title="bbox 1132 1527 2111 1595; baseline -0.003 -21"><span class='ocrx_word' id='word_1_235' title='bbox 1132 1530 1199 1575; x_wconf 89' lang='lat' dir='ltr'>nis</span> <span class='ocrx_word' id='word_1_236' title='bbox 1222 1564 1235 1584; x_wconf 89' lang='lat'>,</span> <span class='ocrx_word' id='word_1_237' title='bbox 1270 1527 1345 1576; x_wconf 88' lang='lat' dir='ltr'>sed</span> <span class='ocrx_word' id='word_1_238' title='bbox 1363 1528 1656 1595; x_wconf 77' lang='lat' dir='ltr'>inaequalibus</span> <span class='ocrx_word' id='word_1_239' title='bbox 1673 1527 1900 1576; x_wconf 88' lang='lat' dir='ltr'>columnis</span> <span class='ocrx_word' id='word_1_240' title='bbox 1926 1527 2027 1573; x_wconf 90' lang='lat' dir='ltr'>hinc</span> <span class='ocrx_word' id='word_1_241' title='bbox 2047 1527 2111 1572; x_wconf 89' lang='lat' dir='ltr'>in-</span> 
     </span>
     <span class='ocr_line' id='line_1_42' title="bbox 1132 1595 2110 1659; baseline -0.003 -13"><span class='ocrx_word' id='word_1_242' title='bbox 1132 1598 1187 1646; x_wconf 92' lang='lat' dir='ltr'>de</span> <span class='ocrx_word' id='word_1_243' title='bbox 1221 1596 1471 1648; x_wconf 91' lang='lat' dir='ltr'>fulciuntur</span> <span class='ocrx_word' id='word_1_244' title='bbox 1491 1636 1501 1647; x_wconf 91' lang='lat'><strong>.</strong></span> <span class='ocrx_word' id='word_1_245' title='bbox 1539 1599 1713 1648; x_wconf 65' lang='lat' dir='ltr'>Nostrae</span> <span class='ocrx_word' id='word_1_246' title='bbox 1745 1599 1851 1644; x_wconf 88' lang='lat' dir='ltr'>huic</span> <span class='ocrx_word' id='word_1_247' title='bbox 1883 1595 2110 1659; x_wconf 67' lang='lat' dir='ltr'>conjectu-</span> 
     </span>
     <span class='ocr_line' id='line_1_43' title="bbox 1133 1664 2125 1735; baseline -0.004 -19"><span class='ocrx_word' id='word_1_248' title='bbox 1133 1688 1190 1716; x_wconf 83' lang='lat' dir='ltr'>rae</span> <span class='ocrx_word' id='word_1_249' title='bbox 1222 1687 1390 1718; x_wconf 87' lang='lat' dir='ltr'>novam</span> <span class='ocrx_word' id='word_1_250' title='bbox 1415 1669 1624 1719; x_wconf 81' lang='lat' dir='ltr'>addimus</span> <span class='ocrx_word' id='word_1_251' title='bbox 1644 1705 1658 1727; x_wconf 96' lang='lat'>,</span> <span class='ocrx_word' id='word_1_252' title='bbox 1694 1686 1856 1735; x_wconf 88' lang='lat' dir='ltr'>nempe</span> <span class='ocrx_word' id='word_1_253' title='bbox 1890 1685 1942 1715; x_wconf 83' lang='lat' dir='ltr'>ex</span> <span class='ocrx_word' id='word_1_254' title='bbox 1973 1664 2125 1733; x_wconf 61' lang='lat' dir='ltr'>ipfius,</span> 
     </span>
    </p>
   </div>
   <div class='ocr_carea' id='block_1_11' title="bbox 111 1735 2127 1806">
    <p class='ocr_par' dir='ltr' id='par_1_11' title="bbox 111 1735 2127 1806">
     <span class='ocr_line' id='line_1_44' title="bbox 111 1735 2127 1806; baseline -0.003 -17"><span class='ocrx_word' id='word_1_255' title='bbox 111 1740 271 1789; x_wconf 81' lang='lat' dir='ltr'>ordine</span> <span class='ocrx_word' id='word_1_256' title='bbox 290 1737 535 1787; x_wconf 52' lang='lat' dir='ltr'>constructi</span> <span class='ocrx_word' id='word_1_257' title='bbox 556 1737 683 1794; x_wconf 89' lang='lat' dir='ltr'>sunt,</span> <span class='ocrx_word' id='word_1_258' title='bbox 716 1757 830 1787; x_wconf 89' lang='lat' dir='ltr'>unus</span> <span class='ocrx_word' id='word_1_259' title='bbox 848 1741 1031 1806; x_wconf 91' lang='lat' dir='ltr'>quidem</span> <span class='ocrx_word' id='word_1_260' title='bbox 1055 1735 1338 1790; x_wconf 66' lang='lat' dir='ltr'>&amp;CEcclefiae</span> <span class='ocrx_word' id='word_1_261' title='bbox 1375 1739 1652 1788; x_wconf 76' lang='lat' dir='ltr'>dimensione</span> <span class='ocrx_word' id='word_1_262' title='bbox 1677 1777 1692 1797; x_wconf 90' lang='lat'>,</span> <span class='ocrx_word' id='word_1_263' title='bbox 1740 1756 1849 1786; x_wconf 89' lang='lat' dir='ltr'>nam</span> <span class='ocrx_word' id='word_1_264' title='bbox 1888 1739 2127 1802; x_wconf 57' lang='lat' dir='ltr'>antiqu-L..</span> 
     </span>
    </p>
   </div>
   <div class='ocr_carea' id='block_1_12' title="bbox 111 1808 1094 2583">
    <p class='ocr_par' dir='ltr' id='par_1_12' title="bbox 111 1808 1094 2583">
     <span class='ocr_line' id='line_1_45' title="bbox 111 1808 1080 1880; baseline 0 -19"><span class='ocrx_word' id='word_1_265' title='bbox 111 1812 265 1880; x_wconf 90' lang='lat' dir='ltr'>tophis</span> <span class='ocrx_word' id='word_1_266' title='bbox 278 1846 293 1867; x_wconf 93' lang='lat'>,</span> <span class='ocrx_word' id='word_1_267' title='bbox 308 1811 420 1858; x_wconf 81' lang='lat' dir='ltr'>alter</span> <span class='ocrx_word' id='word_1_268' title='bbox 441 1808 550 1858; x_wconf 74' lang='lat' dir='ltr'>vero</span> <span class='ocrx_word' id='word_1_269' title='bbox 568 1808 591 1856; x_wconf 77' lang='grc' dir='ltr'>ἐ</span> <span class='ocrx_word' id='word_1_270' title='bbox 611 1809 851 1867; x_wconf 87' lang='lat' dir='ltr'>lateribus,</span> <span class='ocrx_word' id='word_1_271' title='bbox 864 1830 914 1858; x_wconf 89' lang='lat' dir='ltr'>ac</span> <span class='ocrx_word' id='word_1_272' title='bbox 932 1816 1080 1878; x_wconf 87' lang='lat' dir='ltr'>proin-</span> 
     </span>
     <span class='ocr_line' id='line_1_46' title="bbox 112 1878 1079 1947; baseline 0.001 -16"><span class='ocrx_word' id='word_1_273' title='bbox 112 1883 168 1931; x_wconf 89' lang='lat' dir='ltr'>de</span> <span class='ocrx_word' id='word_1_274' title='bbox 197 1879 495 1932; x_wconf 79' lang='lat' dir='ltr'>Constantino</span> <span class='ocrx_word' id='word_1_275' title='bbox 513 1917 531 1938; x_wconf 86' lang='lat'>,</span> <span class='ocrx_word' id='word_1_276' title='bbox 565 1878 612 1929; x_wconf 67' lang='grc' dir='ltr'>ὃς</span> <span class='ocrx_word' id='word_1_277' title='bbox 632 1882 813 1944; x_wconf 85' lang='lat' dir='ltr'>Pelagio</span> <span class='ocrx_word' id='word_1_278' title='bbox 836 1881 1079 1947; x_wconf 85' lang='lat' dir='ltr'>posteriora</span> 
     </span>
     <span class='ocr_line' id='line_1_47' title="bbox 112 1950 1078 2019; baseline 0 -17"><span class='ocrx_word' id='word_1_279' title='bbox 112 1969 321 2019; x_wconf 86' lang='lat' dir='ltr'>tempora</span> <span class='ocrx_word' id='word_1_280' title='bbox 356 1950 564 1999; x_wconf 88' lang='lat' dir='ltr'>redolent</span> <span class='ocrx_word' id='word_1_281' title='bbox 582 1987 597 1998; x_wconf 74' lang='grc'><strong>.</strong></span> <span class='ocrx_word' id='word_1_282' title='bbox 635 1954 756 1999; x_wconf 89' lang='lat' dir='ltr'>Item</span> <span class='ocrx_word' id='word_1_283' title='bbox 793 1970 950 2002; x_wconf 88' lang='lat' dir='ltr'>murus</span> <span class='ocrx_word' id='word_1_284' title='bbox 984 1953 1078 2019; x_wconf 82' lang='lat' dir='ltr'>post</span> 
     </span>
     <span class='ocr_line' id='line_1_48' title="bbox 113 2020 1084 2073; baseline -0.001 0"><span class='ocrx_word' id='word_1_285' title='bbox 113 2022 314 2073; x_wconf 79' lang='lat' dir='ltr'>absidam</span> <span class='ocrx_word' id='word_1_286' title='bbox 333 2020 636 2071; x_wconf 74' lang='lat' dir='ltr'>tumultuario</span> <span class='ocrx_word' id='word_1_287' title='bbox 665 2021 946 2072; x_wconf 58' lang='lat' dir='ltr'>constructus</span> <span class='ocrx_word' id='word_1_288' title='bbox 971 2024 992 2071; x_wconf 76' lang='grc' dir='ltr'>ἐ</span> <span class='ocrx_word' id='word_1_289' title='bbox 1021 2025 1084 2072; x_wconf 76' lang='lat' dir='ltr'>diu</span> 
     </span>
     <span class='ocr_line' id='line_1_49' title="bbox 113 2091 1083 2149; baseline 0.001 -6"><span class='ocrx_word' id='word_1_290' title='bbox 113 2093 243 2144; x_wconf 86' lang='lat' dir='ltr'>versa</span> <span class='ocrx_word' id='word_1_291' title='bbox 266 2096 454 2142; x_wconf 88' lang='lat' dir='ltr'>materia</span> <span class='ocrx_word' id='word_1_292' title='bbox 473 2091 647 2141; x_wconf 89' lang='lat' dir='ltr'>constat</span> <span class='ocrx_word' id='word_1_293' title='bbox 664 2127 679 2149; x_wconf 93' lang='lat'>,</span> <span class='ocrx_word' id='word_1_294' title='bbox 710 2092 830 2140; x_wconf 89' lang='lat' dir='ltr'>unde</span> <span class='ocrx_word' id='word_1_295' title='bbox 849 2096 1083 2144; x_wconf 89' lang='lat' dir='ltr'>collatera-</span> 
     </span>
     <span class='ocr_line' id='line_1_50' title="bbox 115 2161 1081 2232; baseline 0.001 -18"><span class='ocrx_word' id='word_1_296' title='bbox 115 2165 232 2215; x_wconf 88' lang='lat' dir='ltr'>libus</span> <span class='ocrx_word' id='word_1_297' title='bbox 252 2167 391 2213; x_wconf 91' lang='lat' dir='ltr'>muris</span> <span class='ocrx_word' id='word_1_298' title='bbox 404 2163 627 2232; x_wconf 86' lang='lat' dir='ltr'>posterior</span> <span class='ocrx_word' id='word_1_299' title='bbox 649 2161 894 2212; x_wconf 89' lang='lat' dir='ltr'>censendus</span> <span class='ocrx_word' id='word_1_300' title='bbox 913 2163 972 2213; x_wconf 82' lang='lat' dir='ltr'>est</span> <span class='ocrx_word' id='word_1_301' title='bbox 991 2202 1005 2223; x_wconf 89' lang='lat'>,</span> <span class='ocrx_word' id='word_1_302' title='bbox 1031 2186 1081 2215; x_wconf 84' lang='lat' dir='ltr'>ex</span> 
     </span>
     <span class='ocr_line' id='line_1_51' title="bbox 118 2234 1085 2303; baseline 0.001 -19"><span class='ocrx_word' id='word_1_303' title='bbox 118 2236 390 2299; x_wconf 56' lang='lat' dir='ltr'>conjecturis</span> <span class='ocrx_word' id='word_1_304' title='bbox 421 2252 499 2302; x_wconf 88' lang='lat' dir='ltr'>per</span> <span class='ocrx_word' id='word_1_305' title='bbox 526 2251 606 2283; x_wconf 90' lang='lat' dir='ltr'>nos</span> <span class='ocrx_word' id='word_1_306' title='bbox 635 2236 678 2282; x_wconf 92' lang='lat' dir='ltr'>in</span> <span class='ocrx_word' id='word_1_307' title='bbox 700 2234 861 2282; x_wconf 88' lang='lat' dir='ltr'>eodem</span> <span class='ocrx_word' id='word_1_308' title='bbox 881 2254 1014 2303; x_wconf 88' lang='lat' dir='ltr'>opere</span> <span class='ocrx_word' id='word_1_309' title='bbox 1031 2237 1085 2285; x_wconf 89' lang='lat' dir='ltr'>de</span> 
     </span>
     <span class='ocr_line' id='line_1_52' title="bbox 115 2308 1094 2375; baseline -0.002 -20"><span class='ocrx_word' id='word_1_310' title='bbox 115 2325 258 2355; x_wconf 86' lang='lat' dir='ltr'>veter.</span> <span class='ocrx_word' id='word_1_311' title='bbox 278 2308 480 2355; x_wconf 83' lang='lat' dir='ltr'>Monim.</span> <span class='ocrx_word' id='word_1_312' title='bbox 496 2321 610 2373; x_wconf 88' lang='lat' dir='ltr'>part.</span> <span class='ocrx_word' id='word_1_313' title='bbox 636 2325 653 2353; x_wconf 92' lang='lat'>1</span> <span class='ocrx_word' id='word_1_314' title='bbox 667 2341 676 2351; x_wconf 94' lang='lat'><strong>.</strong></span> <span class='ocrx_word' id='word_1_315' title='bbox 693 2323 790 2372; x_wconf 89' lang='lat' dir='ltr'>cap.</span> <span class='ocrx_word' id='word_1_316' title='bbox 813 2309 1094 2375; x_wconf 48' lang='lat' dir='ltr'>&amp;allegatis</span> 
     </span>
     <span class='ocr_line' id='line_1_53' title="bbox 116 2375 1087 2444; baseline 0.001 -17"><span class='ocrx_word' id='word_1_317' title='bbox 116 2382 183 2427; x_wconf 77' lang='lat' dir='ltr'>Ex</span> <span class='ocrx_word' id='word_1_318' title='bbox 201 2378 331 2426; x_wconf 64' lang='lat' dir='ltr'>dietis</span> <span class='ocrx_word' id='word_1_319' title='bbox 352 2378 494 2444; x_wconf 83' lang='lat' dir='ltr'>igitur</span> <span class='ocrx_word' id='word_1_320' title='bbox 512 2381 616 2438; x_wconf 88' lang='lat' dir='ltr'>jure</span> <span class='ocrx_word' id='word_1_321' title='bbox 642 2375 858 2425; x_wconf 85' lang='lat' dir='ltr'>concludi</span> <span class='ocrx_word' id='word_1_322' title='bbox 886 2376 1005 2444; x_wconf 82' lang='lat' dir='ltr'>polse</span> <span class='ocrx_word' id='word_1_323' title='bbox 1021 2398 1087 2428; x_wconf 91' lang='lat' dir='ltr'>ar-</span> 
     </span>
     <span class='ocr_line' id='line_1_54' title="bbox 113 2445 1086 2516; baseline 0.003 -20"><span class='ocrx_word' id='word_1_324' title='bbox 113 2447 293 2505; x_wconf 86' lang='lat' dir='ltr'>bitror,</span> <span class='ocrx_word' id='word_1_325' title='bbox 323 2462 478 2496; x_wconf 88' lang='lat' dir='ltr'>totum</span> <span class='ocrx_word' id='word_1_326' title='bbox 500 2465 604 2495; x_wconf 86' lang='lat' dir='ltr'>eum</span> <span class='ocrx_word' id='word_1_327' title='bbox 631 2445 858 2495; x_wconf 84' lang='lat' dir='ltr'>ambitum</span> <span class='ocrx_word' id='word_1_328' title='bbox 876 2484 893 2505; x_wconf 92' lang='lat'>,</span> <span class='ocrx_word' id='word_1_329' title='bbox 923 2451 967 2497; x_wconf 91' lang='lat' dir='ltr'>in</span> <span class='ocrx_word' id='word_1_330' title='bbox 997 2468 1086 2516; x_wconf 92' lang='lat' dir='ltr'>quo</span> 
     </span>
     <span class='ocr_line' id='line_1_55' title="bbox 117 2515 1088 2583; baseline 0.003 -16"><span class='ocrx_word' id='word_1_331' title='bbox 117 2519 458 2583; x_wconf 88' lang='lat' dir='ltr'>Presbyterium</span> <span class='ocrx_word' id='word_1_332' title='bbox 476 2515 539 2566; x_wconf 90' lang='lat' dir='ltr'>est</span> <span class='ocrx_word' id='word_1_333' title='bbox 558 2552 574 2574; x_wconf 92' lang='lat'>,</span> <span class='ocrx_word' id='word_1_334' title='bbox 607 2517 944 2583; x_wconf 85' lang='lat' dir='ltr'>elegantiffimis</span> <span class='ocrx_word' id='word_1_335' title='bbox 970 2523 1088 2570; x_wconf 88' lang='lat' dir='ltr'>colu-</span> 
     </span>
    </p>
   </div>
   <div class='ocr_carea' id='block_1_13' title="bbox 1131 1808 2124 2582">
    <p class='ocr_par' dir='ltr' id='par_1_13' title="bbox 1131 1808 2124 2513">
     <span class='ocr_line' id='line_1_56' title="bbox 1131 1808 2104 1876; baseline -0.005 -17"><span class='ocrx_word' id='word_1_336' title='bbox 1131 1810 1356 1859; x_wconf 79' lang='lat' dir='ltr'>Hadriani</span> <span class='ocrx_word' id='word_1_337' title='bbox 1383 1810 1437 1858; x_wconf 87' lang='lat' dir='ltr'>ab</span> <span class='ocrx_word' id='word_1_338' title='bbox 1474 1829 1584 1858; x_wconf 87' lang='lat' dir='ltr'>arcu</span> <span class='ocrx_word' id='word_1_339' title='bbox 1607 1808 1747 1876; x_wconf 87' lang='lat' dir='ltr'>usque</span> <span class='ocrx_word' id='word_1_340' title='bbox 1770 1809 1826 1856; x_wconf 88' lang='lat' dir='ltr'>ad</span> <span class='ocrx_word' id='word_1_341' title='bbox 1857 1809 2104 1874; x_wconf 86' lang='lat' dir='ltr'>parietem.</span> 
     </span>
     <span class='ocr_line' id='line_1_57' title="bbox 1133 1877 2104 1946; baseline -0.002 -20"><span class='ocrx_word' id='word_1_342' title='bbox 1133 1894 1253 1927; x_wconf 86' lang='lat' dir='ltr'>retro</span> <span class='ocrx_word' id='word_1_343' title='bbox 1272 1880 1551 1928; x_wconf 87' lang='lat' dir='ltr'>Cathedram</span> <span class='ocrx_word' id='word_1_344' title='bbox 1575 1879 1840 1946; x_wconf 73' lang='lat' dir='ltr'>Episcopale</span> <span class='ocrx_word' id='word_1_345' title='bbox 1862 1877 1925 1926; x_wconf 90' lang='lat' dir='ltr'>est</span> <span class='ocrx_word' id='word_1_346' title='bbox 1955 1879 2104 1945; x_wconf 84' lang='lat' dir='ltr'>longi-</span> 
     </span>
     <span class='ocr_line' id='line_1_58' title="bbox 1134 1950 2106 2016; baseline -0.002 -18"><span class='ocrx_word' id='word_1_347' title='bbox 1134 1950 1302 1998; x_wconf 87' lang='lat' dir='ltr'>tudinis</span> <span class='ocrx_word' id='word_1_348' title='bbox 1342 1953 1610 2016; x_wconf 8' lang='lat' dir='ltr'>palmorum?</span> <span class='ocrx_word' id='word_1_349' title='bbox 1645 1969 1753 2010; x_wconf 83' lang='lat'>132.</span> <span class='ocrx_word' id='word_1_350' title='bbox 1787 1954 1880 2012; x_wconf 88' lang='lat' dir='ltr'>ejus</span> <span class='ocrx_word' id='word_1_351' title='bbox 1909 1950 2106 1998; x_wconf 83' lang='lat' dir='ltr'>latitudo</span> 
     </span>
     <span class='ocr_line' id='line_1_59' title="bbox 1133 2018 2108 2088; baseline -0.002 -20"><span class='ocrx_word' id='word_1_352' title='bbox 1133 2023 1274 2088; x_wconf 85' lang='lat' dir='ltr'>palm.</span> <span class='ocrx_word' id='word_1_353' title='bbox 1300 2040 1386 2081; x_wconf 82' lang='lat'>93.</span> <span class='ocrx_word' id='word_1_354' title='bbox 1416 2024 1662 2069; x_wconf 88' lang='lat' dir='ltr'>Recentior</span> <span class='ocrx_word' id='word_1_355' title='bbox 1686 2019 1794 2069; x_wconf 73' lang='lat' dir='ltr'>vero</span> <span class='ocrx_word' id='word_1_356' title='bbox 1822 2020 2027 2070; x_wconf 92' lang='lat' dir='ltr'>Honorii</span> <span class='ocrx_word' id='word_1_357' title='bbox 2053 2018 2108 2066; x_wconf 92' lang='lat' dir='ltr'>ab</span> 
     </span>
     <span class='ocr_line' id='line_1_60' title="bbox 1134 2089 2108 2158; baseline -0.004 -18"><span class='ocrx_word' id='word_1_358' title='bbox 1134 2110 1244 2140; x_wconf 84' lang='lat' dir='ltr'>arcu</span> <span class='ocrx_word' id='word_1_359' title='bbox 1267 2089 1401 2156; x_wconf 90' lang='lat' dir='ltr'>usque</span> <span class='ocrx_word' id='word_1_360' title='bbox 1427 2092 1484 2140; x_wconf 90' lang='lat' dir='ltr'>ad</span> <span class='ocrx_word' id='word_1_361' title='bbox 1502 2097 1689 2154; x_wconf 89' lang='lat' dir='ltr'>januam</span> <span class='ocrx_word' id='word_1_362' title='bbox 1718 2089 1778 2138; x_wconf 86' lang='lat' dir='ltr'>est</span> <span class='ocrx_word' id='word_1_363' title='bbox 1804 2089 2108 2158; x_wconf 79' lang='lat' dir='ltr'>longitudinis</span> 
     </span>
     <span class='ocr_line' id='line_1_61' title="bbox 1136 2158 2110 2229; baseline -0.004 -19"><span class='ocrx_word' id='word_1_364' title='bbox 1136 2164 1275 2229; x_wconf 89' lang='lat' dir='ltr'>palm.</span> <span class='ocrx_word' id='word_1_365' title='bbox 1298 2181 1314 2209; x_wconf 96' lang='lat'>1</span> <span class='ocrx_word' id='word_1_366' title='bbox 1328 2167 1407 2222; x_wconf 87' lang='lat'>89.</span> <span class='ocrx_word' id='word_1_367' title='bbox 1425 2162 1677 2211; x_wconf 85' lang='lat' dir='ltr'>latitudinis</span> <span class='ocrx_word' id='word_1_368' title='bbox 1696 2159 1809 2210; x_wconf 74' lang='lat' dir='ltr'>vero</span> <span class='ocrx_word' id='word_1_369' title='bbox 1827 2158 2110 2225; x_wconf 81' lang='lat' dir='ltr'>98.Insuper</span> 
     </span>
     <span class='ocr_line' id='line_1_62' title="bbox 1137 2230 2110 2299; baseline -0.002 -19"><span class='ocrx_word' id='word_1_370' title='bbox 1137 2231 1332 2281; x_wconf 84' lang='lat' dir='ltr'>fenestrae</span> <span class='ocrx_word' id='word_1_371' title='bbox 1356 2269 1371 2291; x_wconf 95' lang='lat'>,</span> <span class='ocrx_word' id='word_1_372' title='bbox 1416 2252 1510 2299; x_wconf 84' lang='lat' dir='ltr'>quae</span> <span class='ocrx_word' id='word_1_373' title='bbox 1554 2235 1636 2281; x_wconf 88' lang='lat' dir='ltr'>hac</span> <span class='ocrx_word' id='word_1_374' title='bbox 1670 2235 1716 2280; x_wconf 90' lang='lat' dir='ltr'>in</span> <span class='ocrx_word' id='word_1_375' title='bbox 1756 2248 1874 2279; x_wconf 83' lang='lat' dir='ltr'>nova</span> <span class='ocrx_word' id='word_1_376' title='bbox 1905 2230 2110 2281; x_wconf 87' lang='lat' dir='ltr'>Honorii</span> 
     </span>
     <span class='ocr_line' id='line_1_63' title="bbox 1136 2298 2124 2368; baseline -0.005 -16"><span class='ocrx_word' id='word_1_377' title='bbox 1136 2302 1359 2352; x_wconf 62' lang='lat' dir='ltr'>strustura</span> <span class='ocrx_word' id='word_1_378' title='bbox 1377 2304 1709 2368; x_wconf 84' lang='lat' dir='ltr'>antiquioribus</span> <span class='ocrx_word' id='word_1_379' title='bbox 1735 2301 1949 2350; x_wconf 59' lang='lat' dir='ltr'>arctiores</span> <span class='ocrx_word' id='word_1_380' title='bbox 1972 2298 2075 2348; x_wconf 87' lang='lat' dir='ltr'>sunt</span> <span class='ocrx_word' id='word_1_381' title='bbox 2094 2334 2124 2357; x_wconf 56' lang='lat'>,‚</span> 
     </span>
     <span class='ocr_line' id='line_1_64' title="bbox 1139 2371 2123 2441; baseline -0.001 -19"><span class='ocrx_word' id='word_1_382' title='bbox 1139 2394 1190 2422; x_wconf 87' lang='lat' dir='ltr'>ac</span> <span class='ocrx_word' id='word_1_383' title='bbox 1225 2376 1345 2424; x_wconf 91' lang='lat' dir='ltr'>muri</span> <span class='ocrx_word' id='word_1_384' title='bbox 1379 2376 1563 2423; x_wconf 87' lang='lat' dir='ltr'>lateritii</span> <span class='ocrx_word' id='word_1_385' title='bbox 1604 2373 1702 2441; x_wconf 87' lang='lat' dir='ltr'>post</span> <span class='ocrx_word' id='word_1_386' title='bbox 1751 2371 1905 2421; x_wconf 87' lang='lat' dir='ltr'>salutis</span> <span class='ocrx_word' id='word_1_387' title='bbox 1940 2388 2123 2421; x_wconf 82' lang='lat' dir='ltr'>annum..</span> 
     </span>
     <span class='ocr_line' id='line_1_65' title="bbox 1137 2444 1803 2513; baseline -0.005 -19"><span class='ocrx_word' id='word_1_388' title='bbox 1137 2444 1438 2494; x_wconf 58' lang='lat' dir='ltr'>millesimum&lt;</span> <span class='ocrx_word' id='word_1_389' title='bbox 1453 2460 1636 2513; x_wconf 85' lang='lat' dir='ltr'>tempus</span> <span class='ocrx_word' id='word_1_390' title='bbox 1650 2447 1776 2492; x_wconf 90' lang='lat' dir='ltr'>olent</span> <span class='ocrx_word' id='word_1_391' title='bbox 1793 2480 1803 2490; x_wconf 64' lang='lat'>0</span> 
     </span>
    </p>

    <p class='ocr_par' dir='ltr' id='par_1_14' title="bbox 1211 2509 2124 2582">
     <span class='ocr_line' id='line_1_66' title="bbox 1211 2509 2124 2582; baseline -0.007 -17"><span class='ocrx_word' id='word_1_392' title='bbox 1211 2516 1305 2566; x_wconf 87' lang='lat' dir='ltr'>Sub</span> <span class='ocrx_word' id='word_1_393' title='bbox 1327 2535 1435 2565; x_wconf 83' lang='lat' dir='ltr'>arcu</span> <span class='ocrx_word' id='word_1_394' title='bbox 1453 2516 1719 2582; x_wconf 88' lang='lat' dir='ltr'>triumphali</span> <span class='ocrx_word' id='word_1_395' title='bbox 1736 2514 1958 2579; x_wconf 86' lang='lat' dir='ltr'>Cappella</span> <span class='ocrx_word' id='word_1_396' title='bbox 1975 2547 1989 2569; x_wconf 89' lang='lat'>,</span> <span class='ocrx_word' id='word_1_397' title='bbox 2017 2509 2124 2561; x_wconf 84' lang='lat' dir='ltr'>five-</span> 
     </span>
    </p>
   </div>
   <div class='ocr_carea' id='block_1_14' title="bbox 115 2584 2111 2657">
    <p class='ocr_par' dir='ltr' id='par_1_15' title="bbox 115 2584 2111 2657">
     <span class='ocr_line' id='line_1_67' title="bbox 115 2584 2111 2657; baseline -0.003 -22"><span class='ocrx_word' id='word_1_398' title='bbox 115 2591 232 2636; x_wconf 89' lang='lat' dir='ltr'>mnis</span> <span class='ocrx_word' id='word_1_399' title='bbox 251 2624 268 2645; x_wconf 89' lang='lat'>,</span> <span class='ocrx_word' id='word_1_400' title='bbox 292 2590 499 2656; x_wconf 87' lang='lat' dir='ltr'>capitulis</span> <span class='ocrx_word' id='word_1_401' title='bbox 522 2589 773 2636; x_wconf 83' lang='lat' dir='ltr'>Corinthiis</span> <span class='ocrx_word' id='word_1_402' title='bbox 788 2591 894 2637; x_wconf 89' lang='lat' dir='ltr'>miri</span> <span class='ocrx_word' id='word_1_403' title='bbox 910 2594 1057 2657; x_wconf 89' lang='lat' dir='ltr'>operis</span> <span class='ocrx_word' id='word_1_404' title='bbox 1075 2601 1191 2649; x_wconf 81' lang='lat' dir='ltr'>,Dut</span> <span class='ocrx_word' id='word_1_405' title='bbox 1219 2589 1332 2634; x_wconf 91' lang='lat' dir='ltr'>olim</span> <span class='ocrx_word' id='word_1_406' title='bbox 1373 2586 1748 2636; x_wconf 85' lang='lat' dir='ltr'>denominabatur</span> <span class='ocrx_word' id='word_1_407' title='bbox 1789 2588 1841 2632; x_wconf 88' lang='lat' dir='ltr'>B.</span> <span class='ocrx_word' id='word_1_408' title='bbox 1881 2584 2111 2631; x_wconf 87' lang='lat' dir='ltr'>Laurentii</span> 
     </span>
    </p>
   </div>
   <div class='ocr_carea' id='block_1_15' title="bbox 111 2656 1091 3290">
    <p class='ocr_par' dir='ltr' id='par_1_16' title="bbox 111 2656 1091 3290">
     <span class='ocr_line' id='line_1_68' title="bbox 116 2656 1087 2728; baseline 0.005 -22"><span class='ocrx_word' id='word_1_409' title='bbox 116 2659 329 2725; x_wconf 86' lang='lat' dir='ltr'>zophoris</span> <span class='ocrx_word' id='word_1_410' title='bbox 345 2695 359 2714; x_wconf 93' lang='lat'>,</span> <span class='ocrx_word' id='word_1_411' title='bbox 390 2657 438 2708; x_wconf 70' lang='grc' dir='ltr'>ὅ(</span> <span class='ocrx_word' id='word_1_412' title='bbox 455 2656 673 2725; x_wconf 85' lang='lat' dir='ltr'>epistyliis</span> <span class='ocrx_word' id='word_1_413' title='bbox 691 2693 705 2714; x_wconf 89' lang='lat'>,</span> <span class='ocrx_word' id='word_1_414' title='bbox 724 2677 776 2706; x_wconf 88' lang='lat' dir='ltr'>ac</span> <span class='ocrx_word' id='word_1_415' title='bbox 800 2662 1087 2728; x_wconf 84' lang='lat' dir='ltr'>circumqua-</span> 
     </span>
     <span class='ocr_line' id='line_1_69' title="bbox 117 2727 1087 2797; baseline 0.002 -19"><span class='ocrx_word' id='word_1_416' title='bbox 117 2747 203 2796; x_wconf 86' lang='lat' dir='ltr'>que</span> <span class='ocrx_word' id='word_1_417' title='bbox 251 2728 435 2794; x_wconf 83' lang='lat' dir='ltr'>lapideis</span> <span class='ocrx_word' id='word_1_418' title='bbox 489 2727 699 2776; x_wconf 87' lang='lat' dir='ltr'>sedilibus</span> <span class='ocrx_word' id='word_1_419' title='bbox 749 2729 1043 2797; x_wconf 89' lang='lat' dir='ltr'>conspicuum</span> <span class='ocrx_word' id='word_1_420' title='bbox 1074 2769 1087 2789; x_wconf 93' lang='lat'>‚</span> 
     </span>
     <span class='ocr_line' id='line_1_70' title="bbox 115 2796 1087 2868; baseline 0.002 -20"><span class='ocrx_word' id='word_1_421' title='bbox 115 2817 208 2850; x_wconf 89' lang='lat' dir='ltr'>non</span> <span class='ocrx_word' id='word_1_422' title='bbox 229 2800 254 2846; x_wconf 71' lang='lat' dir='ltr'>a</span> <span class='ocrx_word' id='word_1_423' title='bbox 272 2800 474 2868; x_wconf 83' lang='lat' dir='ltr'>Pelagio,</span> <span class='ocrx_word' id='word_1_424' title='bbox 487 2796 561 2846; x_wconf 92' lang='lat' dir='ltr'>sed</span> <span class='ocrx_word' id='word_1_425' title='bbox 575 2797 629 2845; x_wconf 87' lang='lat' dir='ltr'>ab</span> <span class='ocrx_word' id='word_1_426' title='bbox 647 2798 887 2848; x_wconf 87' lang='lat' dir='ltr'>Hadriano</span> <span class='ocrx_word' id='word_1_427' title='bbox 905 2805 945 2849; x_wconf 90' lang='grc' dir='ltr'>Ι.</span> <span class='ocrx_word' id='word_1_428' title='bbox 962 2800 1087 2850; x_wconf 88' lang='lat' dir='ltr'>fuisse</span> 
     </span>
     <span class='ocr_line' id='line_1_71' title="bbox 116 2869 1088 2937; baseline 0 -18"><span class='ocrx_word' id='word_1_429' title='bbox 116 2869 457 2926; x_wconf 62' lang='lat' dir='ltr'>construc’tum,</span> <span class='ocrx_word' id='word_1_430' title='bbox 478 2869 555 2935; x_wconf 87' lang='lat' dir='ltr'>qui</span> <span class='ocrx_word' id='word_1_431' title='bbox 575 2871 785 2937; x_wconf 83' lang='lat' dir='ltr'>egregius</span> <span class='ocrx_word' id='word_1_432' title='bbox 804 2870 1015 2921; x_wconf 83' lang='lat' dir='ltr'>Pontifex</span> <span class='ocrx_word' id='word_1_433' title='bbox 1031 2870 1088 2919; x_wconf 91' lang='lat' dir='ltr'>ad</span> 
     </span>
     <span class='ocr_line' id='line_1_72' title="bbox 119 2937 1090 3007; baseline 0 -18"><span class='ocrx_word' id='word_1_434' title='bbox 119 2941 262 2993; x_wconf 81' lang='lat' dir='ltr'>Urbis</span> <span class='ocrx_word' id='word_1_435' title='bbox 293 2939 480 2988; x_wconf 82' lang='lat' dir='ltr'>aedificia</span> <span class='ocrx_word' id='word_1_436' title='bbox 517 2937 801 2987; x_wconf 86' lang='lat' dir='ltr'>restauranda</span> <span class='ocrx_word' id='word_1_437' title='bbox 836 2939 1090 3007; x_wconf 88' lang='lat' dir='ltr'>summope-</span> 
     </span>
     <span class='ocr_line' id='line_1_73' title="bbox 117 3007 1091 3078; baseline -0.001 -17"><span class='ocrx_word' id='word_1_438' title='bbox 117 3031 166 3062; x_wconf 88' lang='lat' dir='ltr'>re</span> <span class='ocrx_word' id='word_1_439' title='bbox 183 3011 416 3068; x_wconf 64' lang='lat' dir='ltr'>addic&#39;tus,</span> <span class='ocrx_word' id='word_1_440' title='bbox 447 3013 582 3058; x_wconf 90' lang='lat' dir='ltr'>etiam</span> <span class='ocrx_word' id='word_1_441' title='bbox 597 3007 725 3058; x_wconf 85' lang='lat' dir='ltr'>istius</span> <span class='ocrx_word' id='word_1_442' title='bbox 743 3009 950 3058; x_wconf 65' lang='lat' dir='ltr'>Ecclesiae</span> <span class='ocrx_word' id='word_1_443' title='bbox 970 3011 1091 3078; x_wconf 88' lang='lat' dir='ltr'>aspe-</span> 
     </span>
     <span class='ocr_line' id='line_1_74' title="bbox 117 3079 1087 3132; baseline -0.003 0"><span class='ocrx_word' id='word_1_444' title='bbox 117 3084 245 3132; x_wconf 66' lang='lat' dir='ltr'>&amp;um</span> <span class='ocrx_word' id='word_1_445' title='bbox 274 3100 328 3130; x_wconf 86' lang='lat' dir='ltr'>ex</span> <span class='ocrx_word' id='word_1_446' title='bbox 356 3084 551 3131; x_wconf 86' lang='lat' dir='ltr'>Oriente</span> <span class='ocrx_word' id='word_1_447' title='bbox 582 3082 627 3127; x_wconf 90' lang='lat' dir='ltr'>in</span> <span class='ocrx_word' id='word_1_448' title='bbox 654 3079 957 3129; x_wconf 84' lang='lat' dir='ltr'>Occidentem</span> <span class='ocrx_word' id='word_1_449' title='bbox 989 3100 1087 3130; x_wconf 88' lang='lat' dir='ltr'>ver-</span> 
     </span>
     <span class='ocr_line' id='line_1_75' title="bbox 118 3153 1087 3214; baseline -0.002 -12"><span class='ocrx_word' id='word_1_450' title='bbox 118 3156 206 3210; x_wconf 90' lang='lat' dir='ltr'>tit,</span> <span class='ocrx_word' id='word_1_451' title='bbox 239 3171 290 3200; x_wconf 87' lang='lat' dir='ltr'>ac</span> <span class='ocrx_word' id='word_1_452' title='bbox 323 3153 367 3199; x_wconf 89' lang='lat' dir='ltr'>in</span> <span class='ocrx_word' id='word_1_453' title='bbox 385 3170 440 3200; x_wconf 89' lang='lat' dir='ltr'>eo</span> <span class='ocrx_word' id='word_1_454' title='bbox 462 3155 572 3201; x_wconf 52' lang='lat' dir='ltr'>loco&gt;</span> <span class='ocrx_word' id='word_1_455' title='bbox 588 3156 811 3214; x_wconf 85' lang='lat' dir='ltr'>majorem</span> <span class='ocrx_word' id='word_1_456' title='bbox 839 3153 1087 3201; x_wconf 87' lang='lat' dir='ltr'>collocavit</span> 
     </span>
     <span class='ocr_line' id='line_1_76' title="bbox 111 3220 1087 3290; baseline -0.002 -17"><span class='ocrx_word' id='word_1_457' title='bbox 111 3230 326 3288; x_wconf 84' lang='lat' dir='ltr'>januam,</span> <span class='ocrx_word' id='word_1_458' title='bbox 344 3220 577 3272; x_wconf 86' lang='lat' dir='ltr'>scilieetin</span> <span class='ocrx_word' id='word_1_459' title='bbox 594 3221 747 3271; x_wconf 80' lang='lat' dir='ltr'>medio</span> <span class='ocrx_word' id='word_1_460' title='bbox 768 3258 783 3279; x_wconf 94' lang='lat'>,</span> <span class='ocrx_word' id='word_1_461' title='bbox 814 3221 889 3271; x_wconf 93' lang='lat' dir='ltr'>ubi</span> <span class='ocrx_word' id='word_1_462' title='bbox 908 3222 963 3271; x_wconf 90' lang='lat' dir='ltr'>ad</span> <span class='ocrx_word' id='word_1_463' title='bbox 984 3241 1087 3290; x_wconf 83' lang='lat' dir='ltr'>prae-</span> 
     </span>
    </p>
   </div>
   <div class='ocr_carea' id='block_1_16' title="bbox 1137 2651 2113 3353">
    <p class='ocr_par' dir='ltr' id='par_1_17' title="bbox 1137 2651 2113 3286">
     <span class='ocr_line' id='line_1_77' title="bbox 1141 2651 2111 2716; baseline -0.009 -8"><span class='ocrx_word' id='word_1_464' title='bbox 1141 2655 1381 2708; x_wconf 85' lang='lat' dir='ltr'>Confeffio</span> <span class='ocrx_word' id='word_1_465' title='bbox 1405 2655 1487 2706; x_wconf 84' lang='lat' dir='ltr'>fita</span> <span class='ocrx_word' id='word_1_466' title='bbox 1517 2655 1580 2705; x_wconf 84' lang='lat' dir='ltr'>est</span> <span class='ocrx_word' id='word_1_467' title='bbox 1602 2695 1617 2714; x_wconf 90' lang='lat'>,</span> <span class='ocrx_word' id='word_1_468' title='bbox 1651 2655 1728 2704; x_wconf 91' lang='lat' dir='ltr'>ubi</span> <span class='ocrx_word' id='word_1_469' title='bbox 1758 2653 1994 2716; x_wconf 90' lang='lat' dir='ltr'>ejusdem,</span> <span class='ocrx_word' id='word_1_470' title='bbox 2024 2651 2111 2700; x_wconf 64' lang='lat' dir='ltr'>unzi</span> 
     </span>
     <span class='ocr_line' id='line_1_78' title="bbox 1142 2719 2111 2795; baseline -0.006 -20"><span class='ocrx_word' id='word_1_471' title='bbox 1142 2730 1345 2776; x_wconf 82' lang='lat' dir='ltr'>cumillo</span> <span class='ocrx_word' id='word_1_472' title='bbox 1363 2732 1416 2777; x_wconf 92' lang='lat' dir='ltr'>B.</span> <span class='ocrx_word' id='word_1_473' title='bbox 1433 2729 1648 2795; x_wconf 85' lang='lat' dir='ltr'>Stephani</span> <span class='ocrx_word' id='word_1_474' title='bbox 1669 2743 1833 2792; x_wconf 88' lang='lat' dir='ltr'>corpus</span> <span class='ocrx_word' id='word_1_475' title='bbox 1850 2719 2111 2772; x_wconf 60' lang='lat' dir='ltr'>marmorea.</span> 
     </span>
     <span class='ocr_line' id='line_1_79' title="bbox 1142 2794 2113 2865; baseline -0.006 -19"><span class='ocrx_word' id='word_1_476' title='bbox 1142 2799 1245 2846; x_wconf 68' lang='lat' dir='ltr'>arca</span> <span class='ocrx_word' id='word_1_477' title='bbox 1282 2796 1435 2846; x_wconf 87' lang='lat' dir='ltr'>ferreis</span> <span class='ocrx_word' id='word_1_478' title='bbox 1469 2799 1616 2865; x_wconf 84' lang='lat' dir='ltr'>virgis</span> <span class='ocrx_word' id='word_1_479' title='bbox 1652 2794 1935 2844; x_wconf 63' lang='lat' dir='ltr'>circumdata</span> <span class='ocrx_word' id='word_1_480' title='bbox 1972 2794 2113 2841; x_wconf 87' lang='lat' dir='ltr'>inclu-</span> 
     </span>
     <span class='ocr_line' id='line_1_80' title="bbox 1140 2862 2113 2933; baseline -0.007 -17"><span class='ocrx_word' id='word_1_481' title='bbox 1140 2867 1386 2930; x_wconf 88' lang='lat' dir='ltr'>sumjacet.</span> <span class='ocrx_word' id='word_1_482' title='bbox 1404 2868 1531 2917; x_wconf 72' lang='grc' dir='ltr'>Οξῒο</span> <span class='ocrx_word' id='word_1_483' title='bbox 1548 2866 1606 2914; x_wconf 90' lang='lat' dir='ltr'>ad</span> <span class='ocrx_word' id='word_1_484' title='bbox 1624 2884 1729 2914; x_wconf 90' lang='lat' dir='ltr'>eum</span> <span class='ocrx_word' id='word_1_485' title='bbox 1748 2865 1919 2933; x_wconf 64' lang='lat' dir='ltr'>gradus,</span> <span class='ocrx_word' id='word_1_486' title='bbox 1932 2862 2113 2912; x_wconf 81' lang='lat' dir='ltr'>deseen-</span> 
     </span>
     <span class='ocr_line' id='line_1_81' title="bbox 1142 2936 2112 3004; baseline -0.004 -18"><span class='ocrx_word' id='word_1_487' title='bbox 1142 2937 1239 2986; x_wconf 91' lang='lat' dir='ltr'>sum</span> <span class='ocrx_word' id='word_1_488' title='bbox 1285 2936 1493 3004; x_wconf 86' lang='lat' dir='ltr'>praestant</span> <span class='ocrx_word' id='word_1_489' title='bbox 1527 2957 1541 2995; x_wconf 92' lang='lat'>;</span> <span class='ocrx_word' id='word_1_490' title='bbox 1593 2936 1837 2985; x_wconf 86' lang='lat' dir='ltr'>duodecim</span> <span class='ocrx_word' id='word_1_491' title='bbox 1889 2936 2112 2985; x_wconf 80' lang='lat' dir='ltr'>columna:</span> 
     </span>
     <span class='ocr_line' id='line_1_82' title="bbox 1141 3006 2113 3074; baseline -0.005 -18"><span class='ocrx_word' id='word_1_492' title='bbox 1141 3011 1322 3057; x_wconf 85' lang='lat' dir='ltr'>elevant</span> <span class='ocrx_word' id='word_1_493' title='bbox 1368 3006 1639 3064; x_wconf 82' lang='lat' dir='ltr'>fornicem„</span> <span class='ocrx_word' id='word_1_494' title='bbox 1685 3024 1876 3074; x_wconf 89' lang='lat' dir='ltr'>quarum</span> <span class='ocrx_word' id='word_1_495' title='bbox 1919 3020 2113 3071; x_wconf 84' lang='lat' dir='ltr'>quatuor</span> 
     </span>
     <span class='ocr_line' id='line_1_83' title="bbox 1138 3076 2112 3139; baseline -0.004 -13"><span class='ocrx_word' id='word_1_496' title='bbox 1138 3080 1384 3128; x_wconf 85' lang='lat' dir='ltr'>anteriores</span> <span class='ocrx_word' id='word_1_497' title='bbox 1408 3096 1463 3126; x_wconf 85' lang='lat' dir='ltr'>ex</span> <span class='ocrx_word' id='word_1_498' title='bbox 1485 3094 1712 3126; x_wconf 88' lang='lat' dir='ltr'>marmore</span> <span class='ocrx_word' id='word_1_499' title='bbox 1733 3077 1869 3125; x_wconf 90' lang='lat' dir='ltr'>viridi</span> <span class='ocrx_word' id='word_1_500' title='bbox 1889 3111 1903 3132; x_wconf 91' lang='lat'>,</span> <span class='ocrx_word' id='word_1_501' title='bbox 1932 3076 2112 3139; x_wconf 86' lang='lat' dir='ltr'>reliquae</span> 
     </span>
     <span class='ocr_line' id='line_1_84' title="bbox 1139 3142 2110 3215; baseline -0.005 -19"><span class='ocrx_word' id='word_1_502' title='bbox 1139 3167 1191 3196; x_wconf 83' lang='lat' dir='ltr'>ex</span> <span class='ocrx_word' id='word_1_503' title='bbox 1218 3151 1344 3215; x_wconf 87' lang='lat' dir='ltr'>pario</span> <span class='ocrx_word' id='word_1_504' title='bbox 1364 3146 1485 3205; x_wconf 90' lang='lat' dir='ltr'>sunt,</span> <span class='ocrx_word' id='word_1_505' title='bbox 1500 3147 1786 3214; x_wconf 85' lang='lat' dir='ltr'>indicantque</span> <span class='ocrx_word' id='word_1_506' title='bbox 1802 3165 1892 3196; x_wconf 90' lang='lat' dir='ltr'>non</span> <span class='ocrx_word' id='word_1_507' title='bbox 1909 3165 1980 3194; x_wconf 88' lang='lat' dir='ltr'>eas</span> <span class='ocrx_word' id='word_1_508' title='bbox 1997 3142 2079 3192; x_wconf 84' lang='lat' dir='ltr'>effe</span> <span class='ocrx_word' id='word_1_509' title='bbox 2092 3179 2110 3202; x_wconf 88' lang='lat'>,</span> 
     </span>
     <span class='ocr_line' id='line_1_85' title="bbox 1137 3211 2112 3286; baseline -0.007 -17"><span class='ocrx_word' id='word_1_510' title='bbox 1137 3237 1246 3286; x_wconf 84' lang='lat' dir='ltr'>quas</span> <span class='ocrx_word' id='word_1_511' title='bbox 1287 3218 1398 3268; x_wconf 88' lang='lat' dir='ltr'>inibi</span> <span class='ocrx_word' id='word_1_512' title='bbox 1429 3217 1641 3268; x_wconf 87' lang='lat' dir='ltr'>laudatus</span> <span class='ocrx_word' id='word_1_513' title='bbox 1687 3216 1869 3285; x_wconf 87' lang='lat' dir='ltr'>Xystus</span> <span class='ocrx_word' id='word_1_514' title='bbox 1903 3211 2112 3266; x_wconf 83' lang='lat' dir='ltr'>Pontifex</span> 
     </span>
    </p>

    <p class='ocr_par' dir='ltr' id='par_1_18' title="bbox 1509 3292 2086 3353">
     <span class='ocr_line' id='line_1_86' title="bbox 1509 3292 2086 3353; baseline -0.009 -15"><span class='ocrx_word' id='word_1_515' title='bbox 1509 3292 1544 3338; x_wconf 93' lang='lat' dir='ltr'>P</span> <span class='ocrx_word' id='word_1_516' title='bbox 1585 3307 1617 3338; x_wconf 73' lang='lat'>2,</span> <span class='ocrx_word' id='word_1_517' title='bbox 1908 3300 2051 3353; x_wconf 56' lang='lat' dir='ltr'>appo·¹&lt;</span> <span class='ocrx_word' id='word_1_518' title='bbox 2080 3344 2086 3348; x_wconf 21' lang='grc' dir='ltr'><strong><em>Δ</em></strong></span> 
     </span>
    </p>
   </div>
  </div>
 </body>
</html>
