2331 3585
316 164 421 224 146
612 150 1211 206 Drsacars
1279 147 1901 202 AEDIFJCJIS

256 244 514 313 hujusmodi
541 245 699 295 tabula
726 244 1063 300 narrationem,
1090 237 1266 310 expli-A
1350 239 1468 288 Haec
1488 236 1630 304 igitur
1646 235 1857 288 AEdificia
1876 235 1978 287 sunt
1995 245 2011 295 3
2027 255 2123 305 quae
2140 245 2243 292 Ma-

255 323 572 385 cationemque
604 315 1010 386 prosequeremur,
1030 311 1226 371 satiS‚ac
1277 321 1396 375 gnus
1431 306 1758 357 Constantinus
1782 309 1830 357 in
1859 307 2114 358 Occidente
2139 331 2247 363 con-

256 390 394 440 satiiis
429 388 485 439 sit
519 387 862 457 inscriptionem
891 384 1091 450 ejusdem
1112 438 1118 449 ,Δ
1137 386 1228 435 Ta·
1278 378 1473 434 struxit,
1495 376 1570 427 sed
1597 381 1685 427 alia
1701 377 1879 430 fortasse
1909 381 2040 447 plura
2057 381 2246 433 aedifica-

259 462 375 512 bulae
393 458 606 517 retulisse,
625 479 726 527 quae
741 456 802 507 fic
822 456 865 506 se
882 457 1030 506 habet.
1279 451 1376 506 vit,
1404 466 1499 514 quae
1513 451 1587 498 vel
1605 449 1664 498 ob
1683 451 1922 517 Scriptorfi
1941 449 2122 500 defeestfi
2138 490 2153 511 ,
2170 458 2245 504 vel

571 532 776 582 MENO
799 531 884 579 CE
1277 519 1336 568 ob
1367 518 1566 569 eorunde
1592 522 1803 570 notitiam
1830 522 1952 589 apud
1973 540 2133 572 omnes
2146 529 2245 587 jam

644 604 865 653 XXIIII
887 602 933 648 D
1275 589 1502 652 oblivioni
1517 590 1733 641 traditam
1751 627 1767 649 ,
1786 590 1861 642 seu
1875 593 2025 660 potius
2048 592 2102 641 eo
2119 594 2244 661 quod

606 673 896 724 EDICATI
1276 679 1350 722 me
1368 659 1552 729 prorsus
1579 664 1748 721 lateat,
1779 664 1825 711 in
1861 662 2056 714 obscuro
2074 670 2247 727 jacent,

538 747 586 794 O
609 746 828 794 BEATE
845 743 1000 790 MAR
1277 749 1362 781 nec
1380 734 1473 781 ulla
1492 731 1557 781 sui
1572 736 1853 801 reliquerunt
1863 733 2052 803 vestigia
2071 772 2082 783 .
2111 739 2243 786 Nihil

502 819 570 865 IE
591 820 634 867 X
676 817 815 865 VVL
833 813 1058 862 VILLA.
1278 805 1399 852 enim
1439 807 1636 872 tempori
1684 806 1966 873 impervium
2009 803 2100 862 est,
2134 809 2245 856 nihil
2294 810 2306 829 ⁸

325 890 462 937 Hanc
495 888 555 936 ita
593 886 844 938 Kircherus
886 885 1224 948 interpretatur:
1278 872 1492 923 vetustati
1522 892 1612 924 non
1641 876 1949 943 penetrabile,
1978 877 2089 927 nihil
2121 877 2247 943 quod

254 955 401 1024 Mensc',²
433 957 631 1006 OHobris
656 959 724 1005 die
752 971 829 1016 24,
858 954 1064 1002 dedicatio
1094 950 1228 1010 Beatg
1246 945 1530 1024 Bobnoxium
1572 948 1793 1015 longaevae
1839 949 1983 996 aetatis
2034 947 2248 998 edacitati

252 1027 415 1077 Mariae
436 1032 481 1075 in
517 1028 797 1077 VVlt.villa.
829 1028 932 1073 Nos
965 1036 1117 1071 autem
1151 1018 1227 1068 fic:
1277 1033 1369 1064 non
1399 1014 1470 1064 sit.
1509 1016 1662 1067 Modo
1686 1033 1839 1067 autem
1868 1037 1924 1068 ex
1957 1018 2245 1068 Occidente„

252 1100 567 1148 MILLENO
619 1096 950 1149 CENTENO
991 1094 1229 1143 XXIIII.
1279 1086 1337 1135 ad
1353 1088 1597 1137 Orientem
1615 1087 1854 1139 transitum
1873 1088 2093 1139 faciamus
2113 1125 2124 1137 .

253 1171 649 1220 DEDICATIO
718 1166 1052 1217 BEATAE
1104 1165 1230 1214 MA-

253 1244 421 1291 RIAE
463 1243 539 1289 IN
577 1238 926 1291 VVLTVRIS
960 1235 1228 1285 VILLA.
1447 1232 1490 1279 C
1530 1232 1577 1279 A
1616 1233 1651 1280 P
1690 1235 1736 1281 V
1775 1231 1819 1281 T
1892 1234 2091 1282 XXIII.

252 1310 739 1362 Animadvertendum
779 1310 901 1357 enim
945 1304 1009 1355 est
1052 1303 1227 1355 sextam

254 1386 440 1433 literam
474 1400 564 1430 non
582 1381 669 1432 esse
695 1377 1231 1446 D.utexponitKirche-
1280 1369 1351 1418 De
1400 1370 1583 1420 Eccleza
1637 1370 1823 1438 sepulcri
1872 1372 2098 1429 Domini,
2139 1373 2248 1440 sive

251 1472 357 1511 rus,
386 1451 463 1501 sed
481 1456 684 1523 E.atque
704 1452 808 1502 ideo
824 1450 931 1499 diem
949 1466 1002 1497 eo
1022 1447 1228 1499 denotari
1350 1441 1582 1491 D0minlcae
1620 1443 1952 1510 Rcfiirrefflwl's
1978 1481 1992 1501 2
2048 1440 2179 1491 Mar-

250 1543 341 1577 non
365 1521 499 1591 poffe,
1381 1517 1526 1577 cyrion
1543 1515 1753 1580 appellata
1776 1551 1792 1573 ,
1819 1515 2136 1582 Hierosolymis.

319 1594 465 1663 Qod
521 1593 633 1644 vero
684 1596 778 1645 haec
820 1590 975 1641 tabula
1010 1587 1228 1643 duodeci·
1824 1627 1825 1630 =

253 1684 383 1715 mum
407 1663 613 1716 seculum
634 1668 783 1725 oleat,
802 1681 893 1713 non
912 1659 1062 1709 solum
1081 1659 1104 1708 ὲ
1123 1665 1224 1713 rudi
1460 1671 1491 1702 A
1509 1673 1523 1702 1
1542 1674 1566 1704 E
1583 1674 1603 1703 s
1617 1673 1647 1703 T
1665 1672 1696 1704 A
1712 1672 1742 1704 T
1760 1673 1783 1703 E
1800 1673 1838 1706 M
1869 1691 1884 1713 ,
1940 1657 2242 1722 cultumque:

250 1735 437 1803 opificio
463 1737 705 1787 deducitur
724 1773 739 1795 ,
777 1734 853 1785 sed
868 1728 1077 1798 exipsius
1098 1730 1273 1804 opifi-C
1485 1725 1750 1776 Christianae
1788 1727 2040 1794 Religionis
2077 1726 2244 1793 ubique

250 1811 314 1857 cis
329 1808 532 1867 nomine,
548 1807 672 1875 quod
689 1809 778 1857 tale
797 1804 875 1852 est.
1276 1799 1504 1846 Gentium
1575 1797 1822 1865 ampliandi
1905 1795 2248 1846 studiosiffimus

567 1878 887 1928 MAGISTE
1279 1866 1608 1916 Constantinus
1633 1904 1648 1925 ,
1674 1886 1764 1916 non
1788 1867 1935 1918 solum
1956 1870 2000 1916 in
2014 1868 2249 1918 Occiden-

570 1954 615 1999 R
638 1950 921 1999 GVILIEL
1277 1951 1352 1994 te,
1391 1937 1466 1986 ubi
1488 1940 1744 2008 Religionis
1777 1938 1911 2006 ipsius⁸
1940 1937 2250 1996 firniiffimad,

568 2023 712 2071 MVS
739 2018 943 2070 FECIT
1275 2009 1581 2076 primariaque
1612 2010 1673 2059 est
1702 2009 1943 2060 constituta
1975 2004 2097 2058 sedes
2129 2030 2144 2068 ;
2177 2027 2251 2059 ve·

599 2093 696 2142 OC
740 2092 931 2141 OPVS.
1278 2078 1382 2129 rum
1399 2081 1838 2138 etiaminOriente,
1863 2079 2115 2148 praesertim
2133 2080 2249 2129 vero

321 2166 512 2212 Nomen
546 2164 667 2211 enim
699 2160 950 2211 Guillelmi
990 2172 1228 2223 ternpore„
1280 2152 1325 2200 in
1369 2149 1590 2214 Palestina
1627 2149 1819 2200 mirifica
1867 2149 2050 2213 hujusce
2098 2149 2252 2207 studii,

253 2236 414 2285 Caroli
451 2236 612 2301 Magni
636 2235 680 2282 in
706 2234 893 2282 Italiam
918 2231 1105 2279 illatum
1121 2226 1229 2284 fuit,
1280 2223 1508 2288 animique
1570 2220 1827 2271 testimonia
1899 2222 2109 2288 reliquit.
2178 2219 2253 2271 Ibi

252 2319 583 2374 proptereaque
616 2302 905 2354 Constantini
929 2299 1109 2366 Cesaris
1142 2315 1228 2363 evo
1279 2294 1398 2342 enim
1436 2294 1523 2341 tria
1554 2290 1867 2360 augustissima
1892 2291 2115 2342 excitavit
2137 2305 2251 2340 tem«

252 2374 438 2444 prorsus
458 2373 733 2424 inauditum.
1281 2366 1383 2432 pla,
1411 2377 1463 2412 ut
1496 2362 1718 2413 Eusebius
1740 2365 1784 2411 in
1815 2365 2043 2413 Oratione
2058 2364 2112 2411 de
2132 2366 2252 2412 Lau-

330 2449 378 2496 Si
400 2459 550 2495 autem
573 2443 710 2513 ipsius
728 2443 938 2495 Ecclesiae
955 2458 1112 2491 muros
1133 2476 1149 2499 ,
1180 2438 1229 2490 ὃς
1280 2433 1411 2484 dibus
1444 2432 1682 2484 Constant.
1721 2451 1819 2501 cap.
1837 2453 1887 2495 9.
1913 2437 2047 2497 juxta
2077 2430 2249 2483 Valefii

256 2516 645 2568 construRionem
683 2515 853 2584 species
886 2552 901 2574 ‚
937 2514 1066 2563 nulla
1102 2514 1231 2561 alia„
1283 2503 1542 2554 versionem
1567 2506 1634 2554 his
1667 2504 1856 2555 testatur
1874 2501 2123 2554 verbiszln
2150 2502 2254 2551 Pro-

257 2605 468 2656 tempora
485 2586 682 2636 indicare
700 2587 940 2643 videntur',
959 2582 1040 2633 nisi
1059 2599 1232 2647 ea,que
1245 2580 1434 2633 Dvincia
1462 2575 1666 2644 Palestina
1695 2576 1809 2641 apud
1837 2576 2078 2627 Civitatem
2099 2585 2123 2633 ',
2168 2592 2254 2642 quae

257 2662 492 2709 decimum
519 2655 724 2707 seculum
752 2655 1145 2725 respiciunt,nam
1168 2670 1233 2699 ar-
1284 2647 1549 2696 Hebraeorum
1578 2648 1717 2715 Regia
1764 2648 1965 2715 quondam
1994 2646 2116 2713 fides
2136 2643 2255 2713 fhit,

256 2750 336 2780 cus
367 2731 413 2778 in
442 2743 629 2778 acutum
663 2729 887 2798 angulum
916 2723 1127 2774 definunt
1148 2759 1164 2779 ,
1185 2721 1233 2772 <Sc
1281 2721 1328 2766 in
1357 2719 1442 2784 ipft
1470 2718 1615 2769 Urbis
1645 2718 1899 2768 Meditullio
1915 2753 1931 2775 ,
1953 2717 2012 2766 ad
2022 2718 2152 2766 locum
2167 2715 2257 2763 Do·-

258 2799 380 2850 fama
399 2799 488 2849 fert
515 2802 628 2848 olim
651 2817 792 2866 prope
828 2799 942 2847 hanc
978 2792 1229 2845 Ecclefiam
1282 2792 1426 2838 minici
1476 2790 1662 2857 Sepulcri
1689 2826 1704 2848 ,
1754 2785 1996 2856 ‘Bcfilicam
2054 2786 2254 2853 immenfie
2327 2795 2330 2797 ’

261 2871 519 2921 Monachos
536 2869 778 2928 habitasse,
806 2888 918 2936 quos
939 2866 1124 2934 quidem
1142 2879 1229 2933 ego
1283 2862 1574 2926 amplitudinis
1607 2896 1622 2919 ,
1676 2866 1729 2909 &5
1766 2859 1927 2912 AEdem
1963 2856 2130 2906 Sacram
2166 2860 2255 2907 in„

262 2941 581 2991 Benedistinos
598 2938 725 2990 fuisse
744 2942 1031 3008 putaverim,
1054 2956 1109 2986 ex
1124 2940 1230 2986 Mo·
1279 2934 1469 2982 honorem
1511 2934 1557 2982 S.
1606 2930 1753 2979 Crucis
1804 2934 1913 2980 omni
1948 2928 2255 2997 magnificentie

258 3012 447 3060 nasterio
487 3010 750 3062 Sublacensi
784 3048 799 3069 ‚
838 3010 1008 3079 septem
1045 3009 1230 3057 circiter
1277 3022 1425 3070 genere
1472 3006 1738 3053 exornavit.
1805 3002 1866 3051 Et
1922 3014 2255 3049 monumentunm

260 3084 475 3130 milliaria
502 3083 557 3130 ab
588 3084 669 3131 hac
695 3082 896 3133 Ecclesia
921 3079 1131 3136 distanti,
1153 3080 1230 3145 qui
1283 3073 1530 3124 servatoris
1596 3070 1855 3140 simpiternli
1923 3068 2120 3121 memoria
2193 3070 2256 3119 di-

261 3151 725 3202 Monasticamvitam
761 3153 969 3222 rigidiori
991 3148 1233 3200 observan-
1277 3163 1402 3212 gnum
1426 3182 1440 3204 ,
1486 3147 1682 3212 illiusque
1719 3157 1875 3208 'tropaea
1910 3158 2052 3190 contra
2084 3156 2255 3190 mortem

259 3222 323 3274 tia
340 3259 356 3283 ,
378 3225 525 3274 veluti
544 3226 590 3274 in
604 3228 775 3293 Eremo
788 3226 954 3275 ducere
970 3220 1230 3291 cupiebant.
1282 3215 1441 3276 erebia,
1467 3218 1717 3268 ornamentis
1732 3251 1749 3275 ,
1780 3232 1858 3282 qag
1880 3212 2049 3264 dicendo
2074 3214 2257 3277 exprimi

2124 3301 2190 3330 ne·-
