2331 3585
689 271 1116 334 'CAPU

135 358 293 390 morea
333 343 643 411 anaglyphico
699 362 837 412 opere
896 350 1235 404 elaborataAde
1254 356 1631 406 Veter.Monim.

137 415 187 460 S.
234 413 513 462 Matthaeum
553 413 837 482 Apostolum
885 421 1122 488 repraesen-

141 498 238 530 tans
252 519 268 539 ,
283 501 377 549 quae
395 487 509 534 olim
529 485 586 534 ad
606 485 864 554 sepulcrum
885 494 1115 545 Nicol.V.

139 568 236 601 erat
254 589 270 610 ,
300 553 357 602 de
383 573 470 621 qua
490 559 802 628 Turrig.pag.
819 565 905 620 98.
926 562 974 613 ὃς
999 570 1114 616 108.

139 623 162 670 e
193 623 436 692 conspectu
464 627 577 676 vero
596 626 765 678 scilicet
787 632 833 679 in
866 633 1112 700 parastrata

138 693 311 743 sinistra
337 699 423 745 alia
455 696 516 745 est
544 718 801 750 marmorea
831 702 992 763 statua,
1011 712 1121 757 San-

139 766 505 834 &umJoannem
547 769 824 837 Apostolum
859 775 1113 839 denotanS,

137 854 234 902 quae
261 838 422 887 itidem
457 857 552 889 erat
584 844 628 889 in
659 843 821 892 eodem
840 849 1026 898 Nicolai
1048 856 1111 900 V.

136 906 346 974 sepulcro
377 925 427 958 ut
453 910 577 960 idem
605 915 797 984 Turrig.
817 935 969 968 narrat
987 925 1112 992 pagi-

133 978 192 1026 ηὲι
209 979 355 1039 99&
375 984 486 1029 108.

204 1055 243 1100 E
276 1049 519 1119 conspectu
539 1058 688 1116 januae
732 1057 862 1122 hujus
895 1066 1108 1131 cappellae

131 1118 194 1168 est
214 1137 380 1189 magna
400 1127 530 1173 Crux
553 1124 575 1172 ἐ
604 1145 856 1189 marmore,
876 1151 972 1198 quae
989 1138 1103 1185 olim

129 1207 228 1240 erat
250 1195 294 1240 in
319 1191 584 1245 summitate
606 1201 846 1252 anterioris
873 1202 1002 1254 faciei
1029 1226 1104 1256 ve-

128 1265 234 1310 teris
257 1262 456 1314 Bafilicae
476 1303 487 1315 .

197 1337 343 1401 Prope
381 1336 494 1384 hanc
523 1341 725 1390 Crucem
748 1342 977 1410 sequentes
1005 1368 1104 1398 ver-

1193 279 1250 332 T
1421 278 1522 333 1V.

1651 375 1768 426 part.
1786 381 1828 415 1.
1847 382 1944 433 cap.
1964 315 2159 437 2133un

1176 422 1381 474 curiosus
1398 427 1563 475 Lector
1591 430 1746 480 videre
1768 441 1963 500 poterit.

1250 514 1324 555 13.
1369 498 1517 565 Prope
1567 498 1843 569 descriptam
1895 512 2152 576 cappellam

1167 567 1255 615 alia
1292 564 1356 614 est
1405 568 1486 618 sub
1525 571 1897 625 denominatione
1922 582 2148 632 S.Mariae

1165 636 1223 685 de
1267 640 1638 708 Praegnantibus.
1667 644 1723 693 de
1768 665 1853 713 qua
1907 648 2035 716 supra
2066 650 2147 702 fati

1168 705 1351 767 sumuS,
1380 712 1454 760 ubi
1480 714 1652 773 altare,
1682 731 1731 764 ut
1756 735 1798 765 n.
1826 739 1901 780 13.
1930 725 1999 769 De
2029 726 2146 772 Prae-

1163 781 1410 846 gnantibus
1428 787 1479 832 Β.
1496 787 1568 833 Μ.
1591 791 1652 836 V.
1677 789 1831 857 imago
1848 790 2138 844 denominata

1164 848 1284 909 fuit,
1311 855 1414 918 quia
1447 858 1658 906 mulieres
1678 873 1810 907 utero
1849 878 2013 930 graves
2035 881 2142 933 erga

1163 922 1290 971 illam
1330 928 1609 990 peculiarem
1665 931 1884 998 gerebant
1930 933 2140 985 devotio-

1163 992 1385 1043 nem2fuit
1413 1000 1553 1047 etiam
1571 1004 1867 1069 Angelorum
1895 1007 2138 1072 appellata,

1163 1079 1214 1112 ut
1234 1065 1433 1116 diximus
1460 1067 1539 1118 sub
1556 1090 1632 1120 nu.
1666 1076 1744 1124 18.
1763 1073 1811 1124 ὅ(
1840 1092 1921 1136 43.
1944 1077 2136 1126 Distum

1156 1133 1370 1186 sacellum
1398 1142 1602 1192 Patricia:
1633 1143 1918 1195 Ursinorum
1951 1144 2136 1197 familiae

1158 1222 1286 1265 erat,
1311 1227 1407 1274 quae
1462 1212 1740 1263 nobiliffima
1794 1214 1967 1266 familia
2025 1236 2134 1289 erga

1157 1278 1270 1326 hanc
1310 1283 1534 1350 praecipue
1578 1286 1817 1335 Basilicam
1852 1288 2131 1357 singularem

1155 1349 1447 1402 devotionem
1492 1353 1670 1423 semper
1718 1356 1883 1424 geffit3
1912 1365 2131 1425 quoniam

125 1403 197 1453 sus
218 1410 437 1456 marmori
469 1407 681 1478 insculpti
715 1412 846 1474 sunt,
878 1422 951 1483 qui
986 1422 1101 1471 olim
1151 1422 1197 1469 in
1237 1423 1395 1472 eadem
1436 1425 1684 1476 duodecim
1735 1427 2020 1497 sumptuosas
2058 1434 2130 1481 ha-

126 1476 341 1525 extabant
359 1480 404 1525 in
435 1498 550 1528 zona
569 1487 794 1533 coronicis
813 1485 942 1537 faciei
970 1490 1099 1542 dicstae
1153 1491 1289 1542 buiffe
1306 1498 1530 1563 cappellas
1555 1496 1690 1548 refert
1706 1497 1808 1566 sepe
1824 1504 1989 1550 citatus
2008 1505 2127 1552 Tur.

123 1550 292 1597 veteris
307 1547 748 1606 Bafilicae.Carmina
768 1556 825 1605 fic
842 1558 882 1607 se
906 1561 1070 1612 habent
1090 1602 1100 1611 .
1157 1581 1259 1633 pag.
1280 1585 1365 1624 90.
1388 1566 1644 1635 septemque
1673 1571 1845 1620 ibidem
1861 1592 1914 1621 ex
1944 1572 2128 1640 praefata

121 1616 284 1668 Summa
307 1619 426 1670 Petri
446 1622 564 1687 sedes
587 1628 672 1675 haec
694 1630 747 1694 cst
780 1630 905 1696 sltem
942 1633 1344 1703 Princi-Cfamilia‚
1371 1639 1566 1689 laudatae
1589 1640 1789 1691 Bafilicae
1812 1641 1938 1693 fuisse
1962 1646 2126 1694 Archi-

258 1693 329 1756 pis
364 1693 463 1739 aedes
1146 1706 1445 1773 presbyteros
1464 1748 1474 1758 .

118 1759 274 1810 Mater
313 1763 548 1812 cunflarum
592 1768 744 1828 decor,
784 1779 836 1821 ἐφ’
874 1775 992 1822 decus
1021 1776 1098 1824 Ec·
1227 1796 1297 1838 14.
1328 1780 1520 1846 Joannis
1550 1785 1678 1849 Papae
1697 1787 1820 1833 VH.
1853 1789 1932 1853 qui
1957 1784 2122 1836 floruit

271 1831 482 1898 clcfiarum
1145 1865 1265 1896 anno
1299 1869 1415 1911 705.
1443 1854 1690 1920 imaginem
1727 1855 1920 1906 Mulivo
1953 1875 2121 1925 opere-2

118 1903 320 1954 Devotus
349 1905 510 1971 Christo
535 1943 550 1964 ‚
588 1913 661 1977 qui
701 1915 855 1979 templo

255 1977 334 2044 isio

872 1917 1023 1983 servit
1049 1923 1092 1967 in

1144 1918 1391 1984 expreffam
1414 1921 1552 1972 refert
1570 1961 1580 1972 .
1613 1926 1875 1976 AEdiculam
1900 1930 1948 1976 in
1976 1933 2120 1979 mani-

1147 1986 1227 2036 bus
1258 1991 1469 2041 Pontifex
1509 2011 1631 2043 tenet
1663 2034 1676 2054 ‚
1716 2016 1936 2065 perquam
1978 2001 2117 2067 ipfius

119 2044 262 2098 Flores
303 2052 492 2098 ‘virtutis
543 2057 675 2118 capiet
695 2054 945 2125 fruc‘i‘usque
973 2061 1090 2127 fillu—
1143 2060 1343 2110 aediculae
1362 2063 1599 2115 denotatur
1627 2070 1928 2128 constructor,
1944 2070 2117 2122 scilicet

256 2135 316 2168 tls
335 2157 347 2168 .

189 2208 264 2238 12.
305 2195 361 2240 In
391 2192 471 2241 hac
496 2197 678 2261 perietis
710 2194 822 2246 facie
843 2201 1083 2254 Mufivum

111 2275 225 2324 opus
255 2264 538 2313 collocatum
552 2266 638 2325 est,
670 2268 793 2334 quod
824 2273 936 2321 olim
963 2292 1083 2325 exta-

110 2328 243 2379 batin
258 2334 464 2384 Ecclefiae
485 2338 632 2395 atrio,
665 2340 902 2399 (Paradiso
938 2349 1079 2417 vulgo

108 2405 373 2468 appellato)
409 2404 539 2472 super
569 2411 759 2459 Ottonis
783 2416 1075 2481 Imperat.lI.

106 2470 391 2538 sepulcrum.
427 2480 536 2527 Hoc
568 2479 809 2530 Mufivum
839 2503 953 2553 opus
985 2504 1076 2538 tres

104 2540 274 2609 figuras
297 2546 457 2603 babet,
487 2567 682 2615 quarum
711 2556 861 2604 media
889 2559 1076 2609 humani

104 2620 282 2680 generis
306 2621 594 2669 Salvatorem
620 2625 662 2669 in
680 2623 779 2673 aftu
811 2625 1074 2681 benedicen-

103 2684 149 2731 di
171 2684 463 2754 denotat2qui
499 2694 712 2757 pollicem
732 2714 839 2746 cum
869 2704 1073 2751 annulari

105 2757 396 2817 conjunetum
429 2760 593 2810 habet.
625 2764 702 2813 Ad
723 2767 954 2819 dexteram
991 2773 1074 2822 stat

101 2831 148 2876 S.
173 2830 338 2877 Paulus
355 2866 369 2886 ,
402 2833 476 2896 qui
496 2835 714 2884 volumen
731 2836 901 2888 finistrzi
933 2857 1070 2892 tenet.

100 2897 181 2946 Ad
213 2901 467 2949 Salvatoris
501 2901 725 2955 sinistram
767 2912 958 2961 Sanetus
996 2918 1073 2963 Pe·-

99 2983 196 3017 trus
217 2968 294 3027 est,
315 2974 387 3037 qui
408 2972 565 3022 itidem
584 2977 627 3022 in
648 2976 816 3027 finistra
831 2995 920 3030 tres
938 2984 1071 3033 habet

98 3041 248 3088 claves
264 3078 275 3088 .
310 3046 412 3093 Has
429 3045 619 3113 Figuras
640 3053 824 3116 exponit
837 3052 1066 3116 'Aleman-

94 3111 140 3157 in
162 3108 248 3159 suis
279 3115 506 3178 parietinis
540 3120 903 3171 Lateranenfibus
920 3143 957 3171 c.
983 3145 1059 3174 10.

91 3180 140 3232 ὅ(
155 3199 235 3229 nos
259 3186 495 3234 retulimus
531 3186 662 3255 supra
682 3193 725 3238 in
738 3190 1059 3246 Tab.XXIV.

1091 2114 1130 2152 D

1140 2130 1231 2197 ipse
1265 2130 1374 2182 fecit
1392 2137 1666 2186 Oratorium
1684 2145 1723 2187 in
1743 2142 1900 2190 eadem
1922 2142 2111 2192 Bafilica

1137 2204 1181 2248 in
1208 2203 1427 2255 honorem
1447 2212 1499 2256 B.
1522 2214 1657 2259 VM„
1681 2212 1875 2261 Muiivis
1899 2214 2110 2279 operibus

1134 2290 1348 2324 ornatum
1369 2313 1384 2335 ,
1420 2295 1469 2327 ut
1497 2300 1551 2328 ex
1571 2287 1813 2351 epigraphe
1838 2286 2110 2352 anaglyphi-

1133 2347 1196 2391 cis
1221 2348 1362 2395 literis
1398 2368 1630 2400 marmore
1655 2354 1889 2422 insculptis
1921 2372 2109 2423 apparet

1132 2419 1291 2484 nempe
1317 2439 1328 2466 :
1358 2420 1564 2475 Johasmjs
1589 2426 1720 2490 fts-w'
1754 2426 1797 2473 S.
1826 2426 1985 2475 „Mariae
2003 2464 2012 2473 .
2033 2432 2105 2476 De

1129 2505 1220 2553 quo
1249 2495 1534 2544 narravimus
1558 2494 1686 2563 supra
1709 2497 1788 2545 {ub
1809 2516 1884 2546 nu.
1919 2518 1937 2545 1
1956 2517 2032 2559 14.

1205 2579 1222 2606 1
1237 2577 1280 2620 5.
1323 2566 1377 2610 In
1396 2564 1602 2614 hocloco
1623 2572 1836 2618 S.Petrus
1852 2568 2102 2635 praedicans

1127 2628 1322 2679 Musivo
1340 2651 1475 2701 opere
1507 2637 1758 2688 delineatus
1776 2638 1840 2687 est
1857 2677 1867 2687 .
1899 2641 2100 2690 Extabat

1126 2702 1238 2748 olim
1258 2703 1302 2749 in
1322 2722 1676 2771 praememorato
1690 2708 1853 2759 sacello
1870 2747 1881 2759 .

1203 2783 1285 2820 16.·
1317 2778 1611 2827 Marmoreus
1631 2782 1742 2847 lapis
1760 2780 1851 2838 est,
1883 2783 1928 2829 in
1952 2782 2098 2831 trede-

1124 2841 1216 2889 cim
1248 2861 1399 2910 partes
1429 2847 1484 2895 ab
1510 2849 1731 2899 edacitate
1761 2854 1982 2918 temporis
2010 2851 2093 2902 fra-

1123 2912 1407 2979 &u8,quibus
1421 2917 1547 2977 curri,
1565 2919 1613 2970 ὅ(
1641 2920 1882 2990 diligentia
1909 2941 2096 2991 praeme-

1121 2987 1289 3032 morati
1320 2989 1530 3058 Turrigii
1574 2993 1618 3039 in
1657 3010 1799 3042 unum
1846 2995 2053 3045 collectis
2073 3033 2087 3054 ,

1119 3055 1231 3120 lapis
1260 3055 1489 3108 restitutus
1512 3059 1630 3120 fuit,
1651 3065 1696 3111 in
1722 3082 1862 3132 eoque
1894 3079 1985 3114 tres
2029 3065 2091 3116 se-

1118 3140 1305 3191 quentes
1333 3132 1561 3179 orationes
1592 3134 1826 3201 leguntur,
1848 3155 1955 3203 quas
1974 3141 2088 3186 Gre-

1112 3199 1274 3263 gorius
1288 3200 1419 3263 hujus
1438 3205 1632 3252 nominis
1650 3208 1749 3254 III.
1769 3211 1899 3256 Sum.
1914 3205 2083 3257 Pontif.

90 3251 169 3321 fig.
190 3271 237 3299 2.
270 3254 400 3320 Quid
417 3275 570 3306 autem
588 3278 664 3326 per
681 3263 780 3310 illas
796 3277 886 3313 tres
909 3268 1058 3316 claves
1108 3284 1193 3332 pro
1212 3272 1362 3319 anima
1379 3270 1454 3321 sua
1472 3274 1528 3323 ad
1549 3273 1788 3344 proprium
1821 3277 2080 3345 sepulcrum

85 3322 333 3373 denotetur
351 3325 635 3379 differuimus
652 3334 699 3381 in
721 3333 874 3383 nostro
901 3339 1056 3405 Opere
1107 3340 1373 3405 ponijuffit.

1890 3421 2009 3468 Ora-
