2331 3585
253 187 348 234 166'
491 180 1089 238 DESACRIS
1156 178 1771 233 AEDIFICIIS

179 273 384 320 celebrata
410 270 508 337 suin
545 307 560 329 ,
602 292 702 320 anno
734 273 939 341 trigcfimo
974 290 1120 341 quarto
1135 273 1380 339 ‚Aptorem
1402 274 1633 322 Thomam
1669 274 1816 324 Smith
1834 309 1849 331 ,
1882 274 1960 339 qui
1989 273 2033 320 in
2058 269 2175 320 sua.-

174 344 271 409 plus
308 347 440 391 minus
475 378 489 400 ‚
541 363 593 391 ex
631 362 707 412 quo
729 343 1006 411 fundamenta
1047 344 1151 391 Con-
1201 344 1329 391 brevi
1371 344 1533 391 notitia
1566 345 2025 411 Constantinopoleos
2065 347 2176 391 Mu·

166 414 381 481 fiantinus
424 413 568 462 ViHor
599 417 804 482 Augustus
815 421 970 478 jecerat
992 451 1003 462 .
1036 415 1148 463 Aila
1200 412 1292 461 fiva
1317 430 1453 478 opera
1470 449 1485 471 ,
1503 413 1649 463 adhuc
1667 417 1864 463 extantia
1883 450 1898 472 ‚
1920 413 1979 463 fic
2004 410 2171 462 refert:

167 485 271 551 fimt
305 500 438 532 autem
491 486 607 533 illzus
636 486 825 535 Encaeiiia
859 488 925 533 his
962 486 1148 551 Consuli-
1199 484 1475 551 Laqueariunz
1534 502 1893 532 concamerationes
1958 486 2054 532 olim
2110 504 2174 531 or-

178 555 252 602 bus
271 574 323 602 ex
344 556 425 603 ad.
457 554 511 604 X
525 554 601 604 VI.
617 556 797 606 Kalend.
819 554 1014 604 Martias
1033 592 1047 613 ,
1076 559 1147 623 qui
1196 553 1349 602 narum
1386 554 1547 620 curiosc‘e
1562 557 1714 623 figmae
1744 592 1758 614 ,
1797 571 1912 621 opere
1946 555 2129 623 ,Mbfivo
2155 589 2170 612 ,

177 627 265 673 dies
296 627 352 692 cst
378 626 521 693 mensts
554 625 708 675 Peritii
740 627 884 678 XIV.
904 627 982 674 Ad
995 644 1039 674 ea
1072 627 1151 674 En-

178 700 301 744 caenia
348 694 579 761 Imperator
624 699 888 763 Constantius
937 698 1147 764 Augustus

177 785 341 815 munera
358 768 489 815 multa
522 804 536 825 ,
580 771 744 817 cimelia
774 787 895 816 aurea
920 804 934 826 ,
975 774 1028 816 &³²
1073 786 1141 815 ar-

173 854 320 905 gentea
363 842 550 907 ingentia
576 875 591 897 ,
630 841 875 907 gemmiffiue
911 876 924 898 ,
964 845 1016 887 &
1048 857 1147 886 auro

1200 628 1310 693 quod
1346 629 1365 672 ἑ
1401 631 1597 673 concinno·
1631 627 1881 693 tff’llarum
1930 662 1945 683 ,
2000 627 2173 674 calculo-

1199 715 1366 764 rumque
1405 698 1543 745 ordine
1572 703 1824 762 componitur
1849 733 1864 754 ,
1888 696 2018 764 sac‘Zae
2052 698 2173 745 hodie

1199 766 1431 832 defirmatae
1448 803 1464 824 ,
1503 765 1664 818 ‘Turris
1695 788 1747 816 ex
1776 773 1918 815 innato
1950 771 2171 834 imaginum

1200 839 1292 886 odio
1306 869 1318 892 ,
1352 856 1427 904 quo
1442 842 1485 884 in
1508 839 1615 906 ipssis
1634 837 1878 887 debacchari
1892 839 2031 904 fhlent
2048 874 2062 894 ,
2078 839 2174 885 illa-

174 914 363 957 intextas
398 945 412 967 ,
448 925 526 975 pro
568 911 699 958 altari
738 926 904 976 mappas
944 912 1114 957 centulit
1137 945 1149 956 .
1204 927 1295 955 rum
1337 909 1469 956 oculos
1510 909 1743 957 eruentibus
1770 946 1785 968 ,
1828 911 2078 977 ‘vultumque
2111 909 2175 956 de-

177 978 382 1028 Praeterea
421 997 498 1045 pro
538 981 723 1048 Ecclcfiae
757 986 896 1044 januis
920 985 1051 1028 ‘varia
1087 997 1189 1058 ati-B
1204 978 1470 1044 turpantibus
1500 999 1514 1038 3
1555 1000 1576 1027 e
1621 981 1810 1049 reliquiis
1852 997 1986 1028 autem
2022 1015 2036 1037 ,
2081 980 2172 1027 cum

175 1069 244 1097 reu
275 1051 406 1107 ‘vela3
441 1056 494 1098 ὅ
508 1065 585 1115 pro
618 1052 894 1099 exterioribus
922 1049 1150 1115 vestibulis
1201 1066 1291 1098 tota
1320 1050 1454 1097 litura
1476 1069 1553 1096 non
1578 1051 1796 1100 inducatur
1814 1086 1828 1109 ,
1867 1055 1997 1117 operis
2032 1051 2170 1116 artifi-

175 1124 261 1168 alia
311 1121 468 1187 rursum
509 1122 615 1169 vela
662 1139 759 1168 auro
810 1136 1003 1168 contexta
1033 1156 1048 1177 ,
1095 1127 1147 1169 ἐφ’
1201 1126 1306 1168 cium
1344 1155 1359 1177 ‚
1414 1127 1467 1169 ὅ
1507 1122 1856 1186 pulchritudinem
1903 1123 2171 1185 contemplari

174 1195 400 1256 ‘viriegata
431 1227 443 1238 .
494 1189 647 1240 Multa
684 1195 788 1239 enim
835 1192 1028 1258 benificia
1065 1209 1147 1238 mu-

168 1263 317 1329 gnifice
356 1264 537 1328 largitus
568 1264 617 1329 est
647 1299 661 1319 ,
700 1264 791 1310 cilm
829 1267 872 1309 in
909 1261 1145 1326 univerfiem

174 1333 338 1380 Clerum
358 1368 370 1389 ‚
401 1348 489 1380 tum
507 1337 551 1380 in
582 1334 865 1400 religiosirum
899 1333 1144 1399 Virginum‚

171 1410 224 1453 ὃ
268 1404 493 1452 Viduarum
535 1405 707 1471 collegia
735 1440 750 1461 ,
792 1411 844 1453 ἔθ’
879 1408 921 1452 in
956 1403 1148 1454 Xenodo-

173 1475 268 1522 chia
289 1511 300 1522 .
338 1473 390 1522 In
421 1475 713 1540 praedz'cslorum
752 1480 857 1525 vero
878 1511 893 1533 ,
930 1492 1015 1522 tum
1048 1490 1149 1540 pau-

166 1559 312 1612 perum
333 1582 348 1604 ,
384 1560 471 1593 tum
509 1547 780 1611 orphanorum
811 1582 825 1604 ,
873 1564 920 1593 ae
957 1550 1148 1611 captivo-

165 1635 261 1664 rum
290 1652 305 1673 ‚
332 1617 406 1681 seu
436 1620 479 1663 in
512 1617 744 1664 carceribus
780 1618 1034 1664 detentorum
1071 1617 1147 1663 ali-

168 1703 308 1736 menta
329 1723 343 1744 ,
378 1687 560 1734 diarium
597 1692 725 1749 majus
763 1688 947 1752 conceffit
973 1723 988 1744 ,
1026 1690 1146 1753 quam

1197 1192 1295 1239 licet
1314 1224 1329 1247 ,
1356 1190 1481 1258 deque
1506 1191 1694 1257 hist'oriis
1711 1194 1847 1259 sacris
1868 1227 1883 1248 ,
1920 1211 2018 1259 quas
2051 1193 2171 1239 exhi-

1197 1261 1290 1309 bent
1321 1297 1335 1318 ,
1381 1266 1557 1328 cuipiam
1585 1264 1710 1329 paulo
1745 1266 1993 1310 accuratiori
2026 1262 2168 1310 obtutu

1198 1335 1241 1379 in
1271 1332 1379 1398 ipsis
1411 1337 1589 1381 intuenti
1622 1352 1770 1384 veram
1802 1332 1949 1401 facere
1979 1333 2173 1396 conjeHu·

1198 1422 1286 1451 ram
1307 1404 1480 1468 difficile
1509 1424 1585 1452 non
1610 1409 1692 1453 erit
1709 1442 1720 1453 .
1760 1406 1934 1455 Pluries
1954 1404 2072 1471 apud
2095 1424 2172 1452 va-

1201 1477 1292 1523 rios
1319 1478 1562 1543 Magnates
1591 1475 1840 1525 eorundem
1873 1475 2172 1524 Mufivorum

1199 1562 1395 1612 operum
1445 1545 1608 1594 habere
1674 1547 1950 1614 exemplaria
1980 1546 2175 1594 tentavi-

1198 1614 1393 1672 mus,sed
1407 1616 1583 1666 incaisfi
1602 1616 1749 1666 nostra
1770 1619 1855 1665 ivit
1873 1614 2077 1665 instantia
2092 1652 2102 1664 .
2122 1618 2170 1665 Si

1198 1686 1442 1751 aliquando
1476 1686 1532 1735 ad
1564 1686 1734 1736 nostras
1771 1690 2059 1755 pervenerint
2081 1705 2172 1734 ma-

164 1773 288 1824 pater
325 1762 409 1820 ejus
443 1757 737 1822 Constantinus
777 1773 866 1804 erat
913 1759 1114 1824 elargitus
1137 1766 1296 1813 .Cnu5‚
1313 1775 1361 1804 ea
1377 1755 1547 1825 publici
1554 1759 1670 1820 juris
1687 1755 1830 1807 facere
1851 1757 1911 1805 ηδ
1930 1757 2157 1806 deerimus

243 1830 399 1893 Qiare
431 1825 463 1874 fi
499 1825 672 1895 praefati
706 1829 806 1876 anni
844 1846 922 1890 34.
958 1845 1148 1895 perpen-

169 1897 337 1947 dantur
355 1934 367 1954 ‚
407 1901 482 1964 qui
504 1899 557 1947 ab
580 1900 708 1962 hujus
727 1898 903 1948 aedificii
922 1896 1148 1948 fundatio-

171 1972 240 2017 nis
271 1968 342 2017 die
366 1967 499 2035 elapfi
531 1967 746 2027 fuerunt,
780 1972 935 2035 illique
969 1971 992 2016 ὲ
1012 1969 1145 2018 dietis

170 2041 295 2087 annis
332 2048 448 2100 360.
483 2039 758 2098 demantur,
792 2039 1011 2089 resultant
1041 2041 1144 2087 anni

174 2118 290 2172 326.
331 2127 423 2176 quo
455 2125 661 2177 tempore
693 2110 953 2174 hujusmodi
985 2112 1146 2177 templi

172 2178 468 2229 fundamenta
483 2178 608 2230 fuere
622 2183 743 2245 jacta
761 2219 771 2230 .
804 2186 939 2232 Hanc
954 2183 1146 2230 eandem

171 2249 418 2300 Ecclefiam
439 2271 556 2300 anno
577 2269 693 2314 404.
727 2256 771 2301 in
799 2254 963 2301 eodem
996 2254 1145 2304 Chro-

172 2323 274 2370 nico
292 2320 587 2390 conflagrziffe
614 2339 844 2372 narratur.

259 2392 439 2441 Verum
478 2393 585 2442 cum
625 2394 998 2444 Constantiniana
1032 2394 1145 2443 aedes

1333 1901 1376 1948 C
1416 1902 1463 1947 A
1501 1901 1534 1947 P
1573 1903 1618 1949 V
1658 1904 1701 1949 T
1775 1902 2033 1949 XXVIII.

1198 2039 1268 2086 De
1304 2038 1483 2106 Ecclqfia
1514 2038 1558 2087 S.
1593 2038 1730 2089 Irenes
1768 2040 2167 2108 Constantinopolis.

1300 2198 1331 2228 A
1346 2199 1376 2229 N
1390 2196 1459 2228 CT
1476 2197 1508 2227 ΑΞ
1548 2185 1698 2230 Irenes
1732 2185 1956 2249 templum
1987 2183 2010 2229 ὲ
2044 2187 2169 2232 Con-

1321 2250 1512 2299 stantino
1551 2256 1731 2321 Magno
1762 2253 2022 2301 extructum
2067 2251 2171 2303 suifi-

1197 2325 1238 2372 se
1257 2324 1515 2387 complures
1533 2321 1729 2371 afferunt
1749 2327 2003 2390 Scriptores
2021 2360 2036 2380 ,
2053 2342 2167 2390 quos

1197 2393 1405 2443 laudatus
1426 2397 1501 2441 Du
1517 2397 1677 2461 Gange
1695 2392 1753 2441 fic
1775 2393 1911 2443 refert
1928 2431 1941 2452 ‚
1973 2413 2132 2456 nem-pe
2152 2416 2163 2443 t

172 2465 308 2511 nimis
344 2464 529 2532 angusta
550 2501 563 2521 ,
595 2483 675 2514 nec
712 2463 812 2513 satis
844 2483 983 2532 capax
1014 2463 1144 2522 effet,
1198 2469 1403 2515 Socrates
1429 2462 1507 2510 lib.
1544 2483 1583 2511 1.
1605 2483 1702 2530 cap.
1739 2473 1815 2514 16.
1847 2464 1899 2513 In
1917 2466 2004 2530 ipsa
2046 2466 2169 2516 Urbe

172 2536 246 2581 vel
268 2536 391 2599 quod
415 2553 468 2582 ex
487 2537 847 2585 Taerrennotibus
878 2534 1143 2592 corruisset,
1195 2537 1295 2584 duas
1332 2533 1529 2601 Ecclefias
1562 2535 1787 2600 edificavit
1805 2571 1819 2591 ‚
1852 2554 2022 2603 quarum
2047 2554 2166 2584 unam

171 2604 467 2655 Constantius
499 2605 788 2655 Constantini.
811 2605 929 2654 filius
953 2643 966 2662 ,
996 2605 1053 2654 ad
1069 2604 1353 2659 ho-DIrenem
1384 2640 1398 2660 ‚
1445 2606 1618 2653 alteram
1654 2605 1729 2652 SS.
1774 2605 2062 2671 Apostolorum
2099 2622 2166 2672 ap-

172 2675 375 2722 diernam
397 2675 609 2742 perduxit
625 2675 977 2743 amplitudinem
993 2713 1002 2722 .

261 2743 472 2808 Ejusdem
516 2748 652 2794 etiarn
687 2744 1144 2815 magnificentiffimi,

174 2812 222 2863 ὅ(
257 2815 539 2864 celeberrimi
574 2819 730 2884 templi
759 2816 1030 2865 structuram
1062 2813 1145 2865 dif-

174 2882 270 2931 fuse
293 2902 447 2935 narrat
466 2887 659 2950 quidam
682 2895 964 2951 Anonymus
986 2924 999 2944 ,
1018 2891 1143 2936 Grae-

174 2952 340 3018 cusque
363 2959 569 3022 Scriptor
591 2994 607 3016 ,
638 2976 776 3024 quem
807 2976 948 3025 nuper
967 2959 1011 3005 in
1029 2959 1146 3007 Lati-

173 3042 285 3072 num
303 3026 471 3075 idioma
489 3030 626 3076 vertit
646 3032 723 3079 Cl.
758 3031 846 3077 Vir
875 3027 1111 3077 Combefis
1130 3064 1145 3086 ,

175 3113 226 3142 ac
262 3096 305 3141 in
344 3094 421 3142 suo
447 3101 680 3164 manipulo
707 3101 959 3167 Originum
990 3117 1146 3147 rerum

176 3163 730 3233 Constantinopolitarum
769 3166 954 3218 inseruit
983 3205 994 3217 .
1050 3170 1146 3217 Ad-

175 3232 279 3283 dere
311 3238 455 3286 etiam
490 3241 641 3306 placet
673 3242 988 3308 nuperrimum
1027 3242 1146 3290 Scri-

1189 2678 1397 2741 pellavit.
1416 2679 1461 2724 V
1472 2677 1718 2724 Villelmus
1742 2677 2166 2727 Mnlrnesburienfis

1198 2746 1276 2795 lib.
1298 2764 1346 2807 4.
1377 2745 1497 2793 Fecit
1522 2751 1565 2793 in
1594 2764 1638 2793 ea
1662 2746 1766 2793 duas
1793 2747 2000 2815 Ecclest'as
2019 2785 2033 2806 ,
2064 2765 2164 2815 qua-

1196 2836 1285 2865 rum
1311 2834 1388 2863 una
1418 2815 1588 2864 Hirenis
1605 2853 1620 2874 ,
1650 2818 1785 2865 altera
1810 2819 1967 2866 dicitur
1993 2818 2166 2884 Aposto-

1196 2889 1327 2936 lorum
1347 2922 1358 2934 .
1392 2890 1464 2934 Ita
1498 2888 1798 2954 Theophanes
1821 2904 1923 2958 pag.
1961 2893 2038 2937 18.
2075 2892 2165 2937 Ce-

1195 2959 1362 3007 drenus
1396 2974 1499 3025 pag.
1530 2961 1645 3020 284.
1673 2958 1975 3023 Pachyrneres
2005 2958 2082 3006 lib.
2116 2977 2162 3017 7.

1197 3049 1295 3096 cap.
1334 3044 1409 3088 15·
1443 3026 1651 3078 Codinus
1677 3044 1779 3096 pag.
1823 3032 1901 3088 38.
1933 3041 1981 3071 eu>
1999 3042 2073 3078 aym
2096 3045 2166 3082 upa-

1195 3113 1238 3142 rtw
1261 3109 1310 3139 τω
1332 3112 1443 3138 παλαιὰν
1473 3113 1642 3147 vocant
1661 3134 1673 3145 .
1717 3098 1917 3147 Addunt
1946 3101 2165 3166 Origines

1198 3176 1257 3221 C.
1288 3173 1337 3219 P.
1374 3168 1546 3218 ineditae
1582 3183 1610 3211 τὶ
1632 3180 1808 3220 aarum&
1841 3206 1851 3216 .
1895 3172 1971 3219 Sic
2009 3186 2163 3220 autem

1197 3241 1421 3309 appellata
1434 3276 1452 3300 ,
1486 3253 1536 3288 ut
1551 3240 1575 3288 ὲ
1591 3256 1708 3290 nova
1724 3273 1740 3297 ‚
1770 3237 1821 3287 eti
1851 3237 2022 3290 scilicet
2039 3241 2163 3291 aede:

1937 3314 1987 3360 S.
2005 3314 2096 3360 Ire-
